2452 4370
210 369 221 390 ι
271 401 322 478 38
397 353 400 360 Ι
634 413 840 489 Damna.
901 356 908 377 u

319 679 322 686 .
360 605 495 678 Subditi
524 608 679 677 Dominio
706 577 827 676 lamna
846 611 973 678 iterato
1005 628 1078 678 oum
1101 628 1166 676 mo·

273 721 345 790 litia
365 723 572 811 inserentes,
595 726 779 792 amovendi
790 729 881 790 sunt.
900 721 950 791 X.
968 719 1006 812 S.
1023 725 1055 792 5.
1070 723 1127 791 sub
1140 728 1165 790 4.
1194 725 1196 808 t

364 932 409 1000 ll.
441 933 476 1001 A
496 933 647 1005 Domana
681 936 825 1005 subditis
851 935 967 1026 illata,
993 937 1165 1020 investiget

274 1045 579 1116 JudexNobilium
607 1051 643 1117 in
672 1054 867 1139 praesentia
892 1054 1075 1140 primorum
1095 1049 1168 1134 loci,

276 1167 312 1228 et
349 1161 561 1248 complanare
595 1170 714 1232 tentet.
763 1164 805 1236 Si
843 1185 915 1232 non
953 1165 1167 1249 successerit,

276 1271 397 1342 damno
409 1279 455 1353 60
475 1277 508 1343 n.
532 1297 601 1345 nou
620 1278 820 1368 excedente,
838 1278 1023 1346 Dominum
1037 1279 1073 1345 in
1090 1295 1169 1342 snm·

276 1405 331 1454 ma
350 1391 609 1458 aestimationali
638 1399 673 1460 et
703 1395 739 1458 in
762 1393 927 1478 expensis
950 1394 1129 1460 convincat
1143 1395 1171 1454 et

277 1510 495 1589 exsequatur.
520 1505 702 1592 Appellato
725 1513 823 1572 extre
846 1504 1042 1573 Dominium
1059 1503 1170 1571 adnm

275 1614 769 1706 ηΧςᾶωᾶΜὼ

362 1729 525 1799 [unaco
550 1731 583 1797 n.
606 1731 738 1818 judicet
765 1734 945 1800 summarie
974 1729 1109 1807 Sedria.
1131 1725 1170 1793 x.

275 1839 634 1932 §mmmmm

363 1957 405 2027 Si
429 1960 547 2044 gravis
574 1953 674 2048 culpa
700 1964 759 2026 aut
789 1957 886 2027 dolus
910 1957 1086 2047 prodiret,
1107 1953 1171 2020 llo·

277 2073 386 2138 minus
416 2073 590 2140 terrestris
612 2069 865 2141 convincendus
902 2073 939 2140 in
960 2089 1074 2161 poena
1094 2063 1172 2153 dupli

277 2181 357 2252 nid.
463 2251 469 2266 ,

364 2296 407 2366 Si
431 2317 515 2366 vero
546 2299 710 2368 Dominus
738 2301 910 2386 terrestris
940 2297 1086 2368 subditis
1111 2293 1173 2360 suia

279 2410 402 2480 damna
422 2411 532 2481 studio
558 2420 594 2482 et
618 2416 739 2483 iterato
763 2415 925 2502 inferret,
942 2419 1062 2482 actore
1082 2410 1174 2480 listi

279 2525 528 2614 Magistratuali
545 2505 587 2595 in¹
602 2548 713 2617 poena
730 2532 774 2598 50
789 2565 830 2578 -
849 2531 914 2596 200
935 2524 969 2594 fl.
992 2529 1030 2595 in
1053 2517 1175 2592 dimidiu

279 2639 407 2728 laeso,
445 2641 481 2706 iu
508 2639 614 2709 altero
649 2660 771 2710 cassae
802 2621 1010 2709 domesticae
1044 2646 1176 2708 cessuro

280 2751 534 2822 convincendus
555 2760 620 2821 est.
645 2753 692 2822 X.
717 2751 753 2844 s.
774 2756 806 2820 5.
829 2753 892 2820 sub
917 2757 949 2820 4.
1113 2807 1118 2815 ,

364 2866 531 2934 Damnum
550 2868 586 2934 in
606 2865 870 2953 glundinatione.
885 2865 975 2934 vide
986 2860 1138 2936 Kressa.

614 3003 860 3016 m

365 3088 499 3157 Dumna
516 3089 557 3156 ob
578 3087 767 3174 neglectam
786 3088 984 3158 relationem
1002 3089 1048 3158 de
1064 3086 1178 3154 deser-

201 3241 202 3246 ,
283 3206 328 3271 tis
349 3205 559 3272 sessionibus
591 3210 727 3271 tenetur
747 3201 898 3272 Judlium
920 3206 1101 3272 resarcire.
1119 3193 1176 3265 lv.

310 3361 319 3381 .
364 3321 397 3382 4.

282 3311 308 3405 s
344 3319 410 3498 ¹·Si
436 3430 565 3498 Nobilis
593 3427 748 3499 subditus
774 3448 837 3496 seu
864 3423 1008 3498 Domino
1029 3422 1179 3498 terrestri

282 3561 345 3611 seu
369 3542 578 3614 consubditis
599 3543 722 3618 Quone
745 3543 897 3618 merset.
921 3542 1011 3614 Vide
1033 3536 1178 3613 Notior·
