2452 4370
284 416 475 490 Desertae
503 387 703 496 sessiones.
904 420 954 496 43

58 599 240 682 Consilium
254 605 352 674 Lede
367 609 580 678 referendum
595 621 659 680 est.
674 615 736 683 lv.
760 615 796 707 S.
818 622 868 684 14.
886 620 950 687 XI.
996 633 1007 642 '
1057 656 1060 661 ·

57 711 87 802 S.
109 720 140 782 9.

131 827 318 899 Sessiones
336 841 484 938 tempore
500 839 680 908 introducti
693 843 835 932 Urberii,
852 847 951 912 etiem

56 944 83 1007 in
95 944 245 1028 praediis
260 965 325 1032 quo
341 951 525 1035 populosae
544 957 775 1044 conscriptae,
797 965 855 1024 eut
870 960 952 1025 sub-

10 1053 13 1104 1
56 1073 149 1142 seque
175 1061 379 1150 efformatae,
394 1061 505 1132 se'rius
531 1087 613 1134 vero
635 1065 832 1157 quocunque
854 1071 951 1138 modo

56 1164 528 1262 desertue7perDepututiones
539 1179 722 1248 Comitatus
732 1185 952 1251 conscribon·
988 1177 991 1184 ’

57 1285 111 1367 tur,
126 1289 159 1350 et
174 1287 253 1353 sine
266 1287 332 1354 ullo
349 1290 459 1375 pretio
472 1291 635 1361 solvendo
652 1299 850 1384 cuicunque,
868 1315 950 1381 ergo

58 1392 162 1462 solitos
175 1397 427 1485 praestationes
443 1408 658 1473 conterentur
678 1409 743 1476 XI.
766 1407 802 1498 s.
817 1413 849 1475 9.
866 1414 918 1478 10.

102 1547 104 1552 ·
125 1507 173 1577 Et
186 1513 323 1599 quidem
338 1517 442 1589 'etiem
463 1520 692 1588 interimeliter
705 1541 792 1606 erge
808 1522 949 1590 ferendo
992 1527 993 1530 ’

57 1618 256 1692 inhaerentia
271 1647 392 1718 onere,
416 1635 602 1719 cuicunque
617 1630 682 1700 XI.
700 1631 735 1722 S.
751 1641 783 1701 9.

126 1735 285 1806 conferri
304 1751 448 1828 possunt
467 1748 566 1826 etiem
591 1751 764 1814 extraneis
786 1769 861 1816 cum
883 1752 947 1814 im·

58 1851 203 1920 munitate
238 1873 261 1920 e
287 1846 531 1926 contributione
556 1859 600 1926 ad
620 1865 755 1947 'tempus
786 1881 847 1948 per
877 1863 949 1930 Co-

57 1961 176 2031 nitetus
206 1966 445 2061 deligendum,
478 1971 540 2038 sed
574 1991 641 2041 non
664 1973 796 2041 ultrod
824 1993 943 2041 annos.
1008 2064 1012 2070 Ι

57 2069 245 2165 X1.·§.13.

123 2189 290 2260 Dominus
307 2200 492 2286 terrestris,
503 2197 778 2270 determinatione
795 2205 945 2270 Comite-
1016 2191 1018 2195 ⁸

18 2375 20 2382 Ι
55 2303 98 2383 tos
113 2322 193 2391 ergo
206 2289 450 2394 Deputotionis
465 2313 661 2382 relationem
675 2315 762 2403 leto,
778 2335 845 2383 non
860 2335 945 2383 con-

57 2417 171 2508 tentus,
195 2429 282 2489 tunc
305 2423 458 2489 sultem
448 2446 483 2492 ιιι
505 2430 564 2494 vie
576 2431 664 2524 juris
685 2431 819 2496 uberius
837 2429 945 2495 audiri

57 2534 175 2621 potest,
206 2537 243 2602 si
268 2531 424 2604 desertae
459 2543 633 2607 sessiones
660 2561 704 2608 ex
724 2540 943 2607 urberiolibus

10 2719 11 2726 ἵ
55 2640 169 2714 tabellis
196 2648 247 2717 od
275 2648 479 2754 evidentiam
511 2657 730 2720 remonstreri
754 2655 941 2739 nequirent

55 2749 131 2823 Casu
153 2763 187 2826 in
215 2761 309 2847 hoc,
339 2769 453 2830 actore
477 2765 577 2832 Fisco
598 2765 846 2850 Magistratuali
865 2775 947 2851 pro:

54 2882 157 2938 cessus
180 2893 300 2943 eorem
320 2876 434 2944 sedric
456 2877 638 2962 erigendus
664 2885 737 2964 est3
760 2881 840 2946 etsi
860 2897 943 2944 sen-
1020 2915 1029 2924 -

51 2985 140 3052 tentio
162 2979 267 3076 hujus
292 3009 367 3056 cum
399 2989 513 3058 deciso
535 2991 712 3059 Generalis
743 2981 948 3093 cougregpa

52 3093 136 3166 tionis
158 3106 377 3190 conveniret,
392 3104 556 3172 Dominus
573 3097 766 3193 terrestris,
781 3107 811 3170 si
825 3111 942 3172 tenuta

53 3205 99 3276 ille
126 3219 291 3303 usuovit,
323 3216 424 3283 odie
453 3223 562 3284 motae
585 3217 655 3282 litis
677 3223 745 3282 tom
772 3215 942 3282 contribu-

54 3321 179 3417 tionem‚
203 3319 304 3419 q'usm
329 3337 366 3396 et
384 3329 513 3417 relique
531 3329 664 3416 publica
683 3333 805 3414 onere,
821 3326 863 3394 od
881 3346 941 3394 ees

52 3448 189 3514 peretum
224 3441 445 3530 reducendo,
481 3441 646 3529 deputare
682 3441 860 3527 obligetur.
891 3439 938 3504 X.

53 3541 80 3630 ς.
102 3557 150 3620 ιι.

724 3664 743 3701 *
