<?xml version="1.0" encoding="UTF-8"?>
<!DOCTYPE html PUBLIC "-//W3C//DTD XHTML 1.0 Transitional//EN"
    "http://www.w3.org/TR/xhtml1/DTD/xhtml1-transitional.dtd">
<html xmlns="http://www.w3.org/1999/xhtml" xml:lang="en" lang="en">
 <head>
  <title>
</title>
<meta http-equiv="Content-Type" content="text/html;charset=utf-8" />
  <meta name='ocr-system' content='tesseract 3.04.00' />
  <meta name='ocr-capabilities' content='ocr_page ocr_carea ocr_par ocr_line ocrx_word'/>
</head>
<body>
  <div class='ocr_page' id='page_1' title='image "./manualelegumurb00csapgoog_0083.png"; bbox 0 0 2452 4370; ppageno 0'>
   <div class='ocr_carea' id='block_1_1' title="bbox 260 408 919 504">
    <p class='ocr_par' dir='ltr' id='par_1_1' title="bbox 260 408 919 504">
     <span class='ocr_line' id='line_1_1' title="bbox 260 408 919 504; baseline 0.006 -8"><span class='ocrx_word' id='word_1_1' title='bbox 260 419 310 496; x_wconf 77' lang='lat'><strong>48</strong></span> <span class='ocrx_word' id='word_1_2' title='bbox 427 408 433 418; x_wconf 77' lang='grc'>’</span> <span class='ocrx_word' id='word_1_3' title='bbox 501 427 688 504; x_wconf 75' lang='lat' dir='ltr'><em>Dominus</em></span> <span class='ocrx_word' id='word_1_4' title='bbox 709 431 919 502; x_wconf 73' lang='lat' dir='ltr'><strong>temertrts.</strong></span> 
     </span>
    </p>
   </div>
   <div class='ocr_carea' id='block_1_2' title="bbox 156 623 1205 3564">
    <p class='ocr_par' dir='ltr' id='par_1_2' title="bbox 262 623 1149 828">
     <span class='ocr_line' id='line_1_2' title="bbox 263 623 1149 714; baseline -0.003 -21"><span class='ocrx_word' id='word_1_5' title='bbox 263 625 464 714; x_wconf 84' lang='lat' dir='ltr'><strong>praesertim</strong></span> <span class='ocrx_word' id='word_1_6' title='bbox 490 625 533 692; x_wconf 87' lang='lat' dir='ltr'><strong>ab</strong></span> <span class='ocrx_word' id='word_1_7' title='bbox 569 625 769 694; x_wconf 80' lang='lat' dir='ltr'><strong>excessibus</strong></span> <span class='ocrx_word' id='word_1_8' title='bbox 788 632 958 714; x_wconf 81' lang='lat' dir='ltr'><strong>notatum,</strong></span> <span class='ocrx_word' id='word_1_9' title='bbox 981 643 1005 693; x_wconf 84' lang='lat' dir='ltr'><strong>a</strong></span> <span class='ocrx_word' id='word_1_10' title='bbox 1031 623 1149 694; x_wconf 84' lang='lat' dir='ltr'><strong>eundu-</strong></span> 
     </span>
     <span class='ocr_line' id='line_1_3' title="bbox 262 735 742 828; baseline 0 -22"><span class='ocrx_word' id='word_1_11' title='bbox 262 739 375 808; x_wconf 79' lang='lat' dir='ltr'><strong>ctione</strong></span> <span class='ocrx_word' id='word_1_12' title='bbox 397 738 546 806; x_wconf 78' lang='lat' dir='ltr'><strong>fornicis.</strong></span> <span class='ocrx_word' id='word_1_13' title='bbox 569 735 631 806; x_wconf 87' lang='lat' dir='ltr'><strong>VI.</strong></span> <span class='ocrx_word' id='word_1_14' title='bbox 655 735 692 828; x_wconf 74' lang='lat' dir='ltr'><strong>S.</strong></span> <span class='ocrx_word' id='word_1_15' title='bbox 709 741 742 808; x_wconf 90' lang='grc'><strong>7.</strong></span> 
     </span>
    </p>

    <p class='ocr_par' dir='ltr' id='par_1_3' title="bbox 242 849 1205 1736">
     <span class='ocr_line' id='line_1_4' title="bbox 345 849 1148 938; baseline -0.006 -18"><span class='ocrx_word' id='word_1_16' title='bbox 345 851 465 920; x_wconf 87' lang='lat' dir='ltr'><strong>Potest</strong></span> <span class='ocrx_word' id='word_1_17' title='bbox 484 849 652 920; x_wconf 84' lang='lat' dir='ltr'><strong>subditum</strong></span> <span class='ocrx_word' id='word_1_18' title='bbox 674 849 908 938; x_wconf 71' lang='lat' dir='ltr'><strong>stringerent</strong></span> <span class='ocrx_word' id='word_1_19' title='bbox 930 849 1089 919; x_wconf 89' lang='lat' dir='ltr'><strong>reluenda</strong></span> <span class='ocrx_word' id='word_1_20' title='bbox 1101 855 1148 915; x_wconf 90' lang='lat' dir='ltr'><strong>te·</strong></span> 
     </span>
     <span class='ocr_line' id='line_1_5' title="bbox 262 965 1150 1053; baseline -0.007 -20"><span class='ocrx_word' id='word_1_21' title='bbox 262 973 345 1033; x_wconf 89' lang='lat' dir='ltr'><strong>unta</strong></span> <span class='ocrx_word' id='word_1_22' title='bbox 363 965 582 1053; x_wconf 82' lang='lat' dir='ltr'><strong>sessionnliu,</strong></span> <span class='ocrx_word' id='word_1_23' title='bbox 605 985 680 1034; x_wconf 85' lang='lat' dir='ltr'><strong>eum</strong></span> <span class='ocrx_word' id='word_1_24' title='bbox 706 985 878 1034; x_wconf 79' lang='lat' dir='ltr'><strong>consensu</strong></span> <span class='ocrx_word' id='word_1_25' title='bbox 909 985 971 1034; x_wconf 84' lang='lat' dir='ltr'><strong>suu</strong></span> <span class='ocrx_word' id='word_1_26' title='bbox 997 965 1150 1050; x_wconf 83' lang='lat' dir='ltr'><strong>impigne-</strong></span> 
     </span>
     <span class='ocr_line' id='line_1_6' title="bbox 261 1079 1150 1170; baseline -0.004 -24"><span class='ocrx_word' id='word_1_27' title='bbox 261 1086 360 1170; x_wconf 84' lang='lat' dir='ltr'><strong>rate,</strong></span> <span class='ocrx_word' id='word_1_28' title='bbox 383 1079 440 1148; x_wconf 83' lang='lat' dir='ltr'><strong>vel</strong></span> <span class='ocrx_word' id='word_1_29' title='bbox 464 1100 524 1168; x_wconf 86' lang='lat' dir='ltr'><strong>pro</strong></span> <span class='ocrx_word' id='word_1_30' title='bbox 537 1087 687 1169; x_wconf 88' lang='lat' dir='ltr'><strong>tempore</strong></span> <span class='ocrx_word' id='word_1_31' title='bbox 708 1079 890 1166; x_wconf 65' lang='lat' dir='ltr'><strong>sambiam</strong></span> <span class='ocrx_word' id='word_1_32' title='bbox 926 1086 962 1148; x_wconf 89' lang='lat' dir='ltr'><strong>et</strong></span> <span class='ocrx_word' id='word_1_33' title='bbox 980 1081 1055 1146; x_wconf 90' lang='lat' dir='ltr'><strong>sine</strong></span> <span class='ocrx_word' id='word_1_34' title='bbox 1078 1094 1150 1144; x_wconf 85' lang='lat' dir='ltr'><strong>eon·</strong></span> 
     </span>
     <span class='ocr_line' id='line_1_7' title="bbox 261 1175 1148 1281; baseline -0.007 -21"><span class='ocrx_word' id='word_1_35' title='bbox 261 1213 367 1262; x_wconf 85' lang='lat' dir='ltr'><strong>sensu</strong></span> <span class='ocrx_word' id='word_1_36' title='bbox 398 1213 460 1264; x_wconf 87' lang='lat' dir='ltr'><strong>suo</strong></span> <span class='ocrx_word' id='word_1_37' title='bbox 492 1193 602 1263; x_wconf 82' lang='lat' dir='ltr'><strong>iaetus</strong></span> <span class='ocrx_word' id='word_1_38' title='bbox 626 1195 924 1281; x_wconf 77' lang='lat' dir='ltr'><strong>impignorationes</strong></span> <span class='ocrx_word' id='word_1_39' title='bbox 954 1175 1148 1262; x_wconf 83' lang='lat' dir='ltr'><strong>reseindere.</strong></span> 
     </span>
     <span class='ocr_line' id='line_1_8' title="bbox 261 1304 413 1398; baseline -0.007 -23"><span class='ocrx_word' id='word_1_40' title='bbox 261 1306 305 1375; x_wconf 87' lang='lat' dir='ltr'><strong>V.</strong></span> <span class='ocrx_word' id='word_1_41' title='bbox 330 1304 366 1398; x_wconf 71' lang='lat' dir='ltr'><strong>s.</strong></span> <span class='ocrx_word' id='word_1_42' title='bbox 380 1309 413 1375; x_wconf 82' lang='lat'><strong>5.</strong></span> 
     </span>
     <span class='ocr_line' id='line_1_9' title="bbox 242 1401 1151 1488; baseline -0.003 0"><span class='ocrx_word' id='word_1_43' title='bbox 242 1401 245 1408; x_wconf 30' lang='lat'>¹</span> <span class='ocrx_word' id='word_1_44' title='bbox 347 1419 388 1488; x_wconf 92' lang='lat' dir='ltr'><strong>In</strong></span> <span class='ocrx_word' id='word_1_45' title='bbox 405 1417 620 1488; x_wconf 81' lang='lat' dir='ltr'><strong>venditiones</strong></span> <span class='ocrx_word' id='word_1_46' title='bbox 636 1421 828 1488; x_wconf 80' lang='lat' dir='ltr'><strong>sessionum</strong></span> <span class='ocrx_word' id='word_1_47' title='bbox 847 1425 883 1488; x_wconf 86' lang='grc'><strong>4·</strong></span> <span class='ocrx_word' id='word_1_48' title='bbox 898 1423 1060 1488; x_wconf 86' lang='lat' dir='ltr'><strong>minorum</strong></span> <span class='ocrx_word' id='word_1_49' title='bbox 1078 1417 1151 1485; x_wconf 86' lang='lat' dir='ltr'><strong>alins</strong></span> 
     </span>
     <span class='ocr_line' id='line_1_10' title="bbox 264 1533 1150 1632; baseline -0.005 -30"><span class='ocrx_word' id='word_1_50' title='bbox 264 1533 457 1602; x_wconf 80' lang='lat' dir='ltr'><strong>consentire</strong></span> <span class='ocrx_word' id='word_1_51' title='bbox 482 1553 550 1602; x_wconf 87' lang='lat' dir='ltr'><strong>nou</strong></span> <span class='ocrx_word' id='word_1_52' title='bbox 581 1540 740 1622; x_wconf 85' lang='lat' dir='ltr'><strong>tenetur,</strong></span> <span class='ocrx_word' id='word_1_53' title='bbox 773 1537 840 1601; x_wconf 89' lang='lat' dir='ltr'><strong>nisi</strong></span> <span class='ocrx_word' id='word_1_54' title='bbox 866 1537 898 1600; x_wconf 90' lang='lat' dir='ltr'><strong>si</strong></span> <span class='ocrx_word' id='word_1_55' title='bbox 924 1553 1042 1632; x_wconf 83' lang='lat' dir='ltr'><strong>emens</strong></span> <span class='ocrx_word' id='word_1_56' title='bbox 1067 1549 1150 1600; x_wconf 87' lang='lat' dir='ltr'><strong>suan</strong></span> 
     </span>
     <span class='ocr_line' id='line_1_11' title="bbox 262 1645 1205 1736; baseline -0.002 -22"><span class='ocrx_word' id='word_1_57' title='bbox 262 1647 452 1716; x_wconf 87' lang='lat' dir='ltr'><strong>sessionem</strong></span> <span class='ocrx_word' id='word_1_58' title='bbox 468 1645 511 1714; x_wconf 86' lang='lat' dir='ltr'><strong>ad</strong></span> <span class='ocrx_word' id='word_1_59' title='bbox 528 1645 673 1732; x_wconf 78' lang='lat' dir='ltr'><strong>legalem</strong></span> <span class='ocrx_word' id='word_1_60' title='bbox 691 1649 911 1736; x_wconf 73' lang='lat' dir='ltr'><strong>quantitatem</strong></span> <span class='ocrx_word' id='word_1_61' title='bbox 932 1649 1079 1718; x_wconf 88' lang='lat' dir='ltr'><strong>evehere</strong></span> <span class='ocrx_word' id='word_1_62' title='bbox 1095 1664 1151 1714; x_wconf 81' lang='lat' dir='ltr'><strong>ve·</strong></span> <span class='ocrx_word' id='word_1_63' title='bbox 1204 1657 1205 1660; x_wconf 74' lang='grc'>’</span> 
     </span>
    </p>

    <p class='ocr_par' dir='ltr' id='par_1_4' title="bbox 156 1757 1150 2055">
     <span class='ocr_line' id='line_1_12' title="bbox 260 1757 484 1850; baseline 0.013 -26"><span class='ocrx_word' id='word_1_64' title='bbox 260 1757 484 1850; x_wconf 49' lang='grc' dir='ltr'><strong>Μϊῇι</strong></span> 
     </span>
     <span class='ocr_line' id='line_1_13' title="bbox 156 1871 1150 1963; baseline -0.001 -23"><span class='ocrx_word' id='word_1_65' title='bbox 156 1875 161 1882; x_wconf 86' lang='grc'><em>“</em></span> <span class='ocrx_word' id='word_1_66' title='bbox 344 1871 399 1942; x_wconf 88' lang='lat' dir='ltr'><strong>De</strong></span> <span class='ocrx_word' id='word_1_67' title='bbox 419 1877 499 1960; x_wconf 85' lang='lat' dir='ltr'><strong>jure</strong></span> <span class='ocrx_word' id='word_1_68' title='bbox 519 1879 720 1943; x_wconf 75' lang='lat' dir='ltr'><strong>consensus.</strong></span> <span class='ocrx_word' id='word_1_69' title='bbox 744 1873 833 1942; x_wconf 83' lang='lat' dir='ltr'><strong>vide</strong></span> <span class='ocrx_word' id='word_1_70' title='bbox 857 1876 954 1963; x_wconf 85' lang='lat' dir='ltr'><strong>plura</strong></span> <span class='ocrx_word' id='word_1_71' title='bbox 981 1875 1046 1944; x_wconf 90' lang='lat' dir='ltr'><strong>snb</strong></span> <span class='ocrx_word' id='word_1_72' title='bbox 1068 1872 1150 1942; x_wconf 76' lang='lat' dir='ltr'><strong>Gun-</strong></span> 
     </span>
     <span class='ocr_line' id='line_1_14' title="bbox 262 1975 408 2055; baseline 0.014 -2"><span class='ocrx_word' id='word_1_73' title='bbox 262 1975 408 2055; x_wconf 71' lang='lat' dir='ltr'><strong>semus.</strong></span> 
     </span>
    </p>

    <p class='ocr_par' dir='ltr' id='par_1_5' title="bbox 261 2095 1151 2282">
     <span class='ocr_line' id='line_1_15' title="bbox 345 2095 1151 2187; baseline -0.009 -17"><span class='ocrx_word' id='word_1_74' title='bbox 345 2100 412 2170; x_wconf 85' lang='lat' dir='ltr'><strong>Jus</strong></span> <span class='ocrx_word' id='word_1_75' title='bbox 445 2101 666 2170; x_wconf 86' lang='lat' dir='ltr'><strong>irrestrictnm</strong></span> <span class='ocrx_word' id='word_1_76' title='bbox 703 2100 861 2172; x_wconf 80' lang='lat' dir='ltr'><strong>Edueills</strong></span> <span class='ocrx_word' id='word_1_77' title='bbox 888 2101 1051 2187; x_wconf 84' lang='lat' dir='ltr'><strong>erigendi.</strong></span> <span class='ocrx_word' id='word_1_78' title='bbox 1075 2095 1151 2167; x_wconf 82' lang='lat' dir='ltr'><strong>Vile</strong></span> 
     </span>
     <span class='ocr_line' id='line_1_16' title="bbox 261 2209 771 2282; baseline -0.004 0"><span class='ocrx_word' id='word_1_79' title='bbox 261 2211 475 2282; x_wconf 79' lang='lat' dir='ltr'><strong>Eductllum.</strong></span> <span class='ocrx_word' id='word_1_80' title='bbox 769 2209 771 2216; x_wconf 55' lang='lat'><strong><em>⁴</em></strong></span> 
     </span>
    </p>

    <p class='ocr_par' dir='ltr' id='par_1_6' title="bbox 175 2327 1150 2534">
     <span class='ocr_line' id='line_1_17' title="bbox 345 2327 1150 2418; baseline -0.002 -23"><span class='ocrx_word' id='word_1_81' title='bbox 345 2327 463 2396; x_wconf 85' lang='lat' dir='ltr'><strong>Manet</strong></span> <span class='ocrx_word' id='word_1_82' title='bbox 496 2328 531 2396; x_wconf 88' lang='lat' dir='ltr'><strong>iu</strong></span> <span class='ocrx_word' id='word_1_83' title='bbox 557 2345 663 2396; x_wconf 82' lang='lat' dir='ltr'><strong>consu</strong></span> <span class='ocrx_word' id='word_1_84' title='bbox 686 2327 875 2418; x_wconf 40' lang='lat' dir='ltr'><strong>sylvarum,</strong></span> <span class='ocrx_word' id='word_1_85' title='bbox 888 2327 1150 2418; x_wconf 67' lang='lat' dir='ltr'><strong>(immunitatis,</strong></span> 
     </span>
     <span class='ocr_line' id='line_1_18' title="bbox 175 2421 804 2534; baseline 0.003 -26"><span class='ocrx_word' id='word_1_86' title='bbox 175 2485 183 2497; x_wconf 85' lang='lat'><strong>·</strong></span> <span class='ocrx_word' id='word_1_87' title='bbox 262 2444 292 2510; x_wconf 87' lang='lat' dir='ltr'><strong>si</strong></span> <span class='ocrx_word' id='word_1_88' title='bbox 313 2421 348 2508; x_wconf 86' lang='lat' dir='ltr'><strong>in</strong></span> <span class='ocrx_word' id='word_1_89' title='bbox 370 2439 426 2509; x_wconf 90' lang='lat' dir='ltr'><strong>illo</strong></span> <span class='ocrx_word' id='word_1_90' title='bbox 448 2440 603 2528; x_wconf 81' lang='lat' dir='ltr'><strong>praefuit.</strong></span> <span class='ocrx_word' id='word_1_91' title='bbox 626 2439 687 2509; x_wconf 84' lang='lat' dir='ltr'><strong>vl.</strong></span> <span class='ocrx_word' id='word_1_92' title='bbox 712 2439 748 2534; x_wconf 74' lang='lat' dir='ltr'><strong>S.</strong></span> <span class='ocrx_word' id='word_1_93' title='bbox 772 2449 804 2510; x_wconf 84' lang='grc'><strong>4.</strong></span> 
     </span>
    </p>

    <p class='ocr_par' dir='ltr' id='par_1_7' title="bbox 266 2549 1154 2760">
     <span class='ocr_line' id='line_1_19' title="bbox 348 2549 1154 2645; baseline -0.015 -19"><span class='ocrx_word' id='word_1_94' title='bbox 348 2555 390 2626; x_wconf 83' lang='lat' dir='ltr'><strong>Si</strong></span> <span class='ocrx_word' id='word_1_95' title='bbox 421 2553 530 2645; x_wconf 87' lang='lat' dir='ltr'><strong>quoad</strong></span> <span class='ocrx_word' id='word_1_96' title='bbox 556 2561 663 2623; x_wconf 87' lang='lat' dir='ltr'><strong>metas</strong></span> <span class='ocrx_word' id='word_1_97' title='bbox 684 2558 883 2644; x_wconf 85' lang='lat' dir='ltr'><strong>impetatur,</strong></span> <span class='ocrx_word' id='word_1_98' title='bbox 919 2560 1020 2625; x_wconf 89' lang='lat' dir='ltr'><strong>etiam</strong></span> <span class='ocrx_word' id='word_1_99' title='bbox 1042 2549 1154 2623; x_wconf 85' lang='lat' dir='ltr'><strong>subditi</strong></span> 
     </span>
     <span class='ocr_line' id='line_1_20' title="bbox 266 2667 944 2760; baseline 0 -23"><span class='ocrx_word' id='word_1_100' title='bbox 266 2669 379 2757; x_wconf 86' lang='lat' dir='ltr'><strong>aperis</strong></span> <span class='ocrx_word' id='word_1_101' title='bbox 395 2688 596 2738; x_wconf 80' lang='lat' dir='ltr'><strong>concurrere</strong></span> <span class='ocrx_word' id='word_1_102' title='bbox 609 2676 777 2737; x_wconf 90' lang='lat' dir='ltr'><strong>tenentur.</strong></span> <span class='ocrx_word' id='word_1_103' title='bbox 795 2669 843 2738; x_wconf 87' lang='lat' dir='ltr'><strong>X.</strong></span> <span class='ocrx_word' id='word_1_104' title='bbox 859 2667 896 2760; x_wconf 70' lang='lat' dir='ltr'><strong>S.</strong></span> <span class='ocrx_word' id='word_1_105' title='bbox 912 2674 944 2738; x_wconf 84' lang='lat'><strong>8.</strong></span> 
     </span>
    </p>

    <p class='ocr_par' dir='ltr' id='par_1_8' title="bbox 261 2781 1156 3096">
     <span class='ocr_line' id='line_1_21' title="bbox 347 2781 1154 2874; baseline -0.011 -23"><span class='ocrx_word' id='word_1_106' title='bbox 347 2781 389 2851; x_wconf 80' lang='lat' dir='ltr'><strong>Si</strong></span> <span class='ocrx_word' id='word_1_107' title='bbox 421 2782 530 2850; x_wconf 81' lang='lat' dir='ltr'><strong>soloni</strong></span> <span class='ocrx_word' id='word_1_108' title='bbox 564 2782 804 2866; x_wconf 83' lang='lat' dir='ltr'><strong>regulationem</strong></span> <span class='ocrx_word' id='word_1_109' title='bbox 829 2782 956 2852; x_wconf 84' lang='lat' dir='ltr'><strong>terreni</strong></span> <span class='ocrx_word' id='word_1_110' title='bbox 985 2781 1154 2874; x_wconf 84' lang='lat' dir='ltr'><strong>petebant,</strong></span> 
     </span>
     <span class='ocr_line' id='line_1_22' title="bbox 261 2893 1156 2986; baseline -0.008 -22"><span class='ocrx_word' id='word_1_111' title='bbox 261 2893 436 2964; x_wconf 76' lang='lat' dir='ltr'><strong>manuales</strong></span> <span class='ocrx_word' id='word_1_112' title='bbox 455 2902 490 2962; x_wconf 92' lang='lat' dir='ltr'><strong>et</strong></span> <span class='ocrx_word' id='word_1_113' title='bbox 507 2895 659 2962; x_wconf 85' lang='lat' dir='ltr'><strong>currules</strong></span> <span class='ocrx_word' id='word_1_114' title='bbox 673 2913 794 2982; x_wconf 84' lang='lat' dir='ltr'><strong>operas</strong></span> <span class='ocrx_word' id='word_1_115' title='bbox 809 2915 884 2964; x_wconf 89' lang='lat' dir='ltr'><strong>eum</strong></span> <span class='ocrx_word' id='word_1_116' title='bbox 904 2899 939 2965; x_wconf 91' lang='lat' dir='ltr'><strong>in</strong></span> <span class='ocrx_word' id='word_1_117' title='bbox 953 2897 1052 2967; x_wconf 86' lang='lat' dir='ltr'><strong>finem</strong></span> <span class='ocrx_word' id='word_1_118' title='bbox 1063 2909 1156 2986; x_wconf 86' lang='lat' dir='ltr'><strong>prae·</strong></span> 
     </span>
     <span class='ocr_line' id='line_1_23' title="bbox 261 3005 704 3096; baseline 0 -20"><span class='ocrx_word' id='word_1_119' title='bbox 261 3016 354 3078; x_wconf 87' lang='lat' dir='ltr'><strong>stare</strong></span> <span class='ocrx_word' id='word_1_120' title='bbox 367 3015 534 3076; x_wconf 90' lang='lat' dir='ltr'><strong>tenentur.</strong></span> <span class='ocrx_word' id='word_1_121' title='bbox 552 3008 599 3075; x_wconf 86' lang='lat' dir='ltr'><strong>X.</strong></span> <span class='ocrx_word' id='word_1_122' title='bbox 616 3005 652 3096; x_wconf 70' lang='lat' dir='ltr'><strong>S.</strong></span> <span class='ocrx_word' id='word_1_123' title='bbox 672 3013 704 3076; x_wconf 83' lang='grc'><strong>8.</strong></span> 
     </span>
    </p>

    <p class='ocr_par' dir='ltr' id='par_1_9' title="bbox 265 3121 1155 3323">
     <span class='ocr_line' id='line_1_24' title="bbox 348 3121 1155 3218; baseline -0.005 -30"><span class='ocrx_word' id='word_1_124' title='bbox 348 3121 515 3208; x_wconf 82' lang='lat' dir='ltr'><strong>Querelae</strong></span> <span class='ocrx_word' id='word_1_125' title='bbox 530 3123 716 3191; x_wconf 85' lang='lat' dir='ltr'><strong>urbariales</strong></span> <span class='ocrx_word' id='word_1_126' title='bbox 730 3142 792 3218; x_wconf 88' lang='lat' dir='ltr'><strong>per</strong></span> <span class='ocrx_word' id='word_1_127' title='bbox 804 3123 955 3194; x_wconf 88' lang='lat' dir='ltr'><strong>subditos</strong></span> <span class='ocrx_word' id='word_1_128' title='bbox 971 3127 1155 3213; x_wconf 85' lang='lat' dir='ltr'><strong>primopra·</strong></span> 
     </span>
     <span class='ocr_line' id='line_1_25' title="bbox 265 3234 1153 3323; baseline -0.009 -18"><span class='ocrx_word' id='word_1_129' title='bbox 265 3239 346 3323; x_wconf 83' lang='lat' dir='ltr'><strong>poni</strong></span> <span class='ocrx_word' id='word_1_130' title='bbox 367 3234 491 3306; x_wconf 83' lang='lat' dir='ltr'><strong>debent</strong></span> <span class='ocrx_word' id='word_1_131' title='bbox 505 3235 647 3303; x_wconf 87' lang='lat' dir='ltr'><strong>Domino</strong></span> <span class='ocrx_word' id='word_1_132' title='bbox 671 3239 835 3304; x_wconf 83' lang='lat' dir='ltr'><strong>terrestri.</strong></span> <span class='ocrx_word' id='word_1_133' title='bbox 865 3237 954 3306; x_wconf 86' lang='lat' dir='ltr'><strong>Vide</strong></span> <span class='ocrx_word' id='word_1_134' title='bbox 980 3235 1153 3322; x_wconf 79' lang='lat' dir='ltr'><strong>Querelae·</strong></span> 
     </span>
    </p>

    <p class='ocr_par' dir='ltr' id='par_1_10' title="bbox 282 3347 1127 3564">
     <span class='ocr_line' id='line_1_26' title="bbox 282 3347 1085 3420; baseline -0.004 -5"><span class='ocrx_word' id='word_1_135' title='bbox 282 3397 286 3401; x_wconf 86' lang='lat'>-</span> <span class='ocrx_word' id='word_1_136' title='bbox 348 3349 467 3417; x_wconf 87' lang='lat' dir='ltr'><strong>Potest</strong></span> <span class='ocrx_word' id='word_1_137' title='bbox 480 3347 631 3416; x_wconf 87' lang='lat' dir='ltr'><strong>subditos</strong></span> <span class='ocrx_word' id='word_1_138' title='bbox 645 3365 813 3419; x_wconf 83' lang='lat' dir='ltr'><strong>amovere.</strong></span> <span class='ocrx_word' id='word_1_139' title='bbox 836 3351 925 3420; x_wconf 89' lang='lat' dir='ltr'><strong>Vide</strong></span> <span class='ocrx_word' id='word_1_140' title='bbox 940 3349 1085 3420; x_wconf 79' lang='lat' dir='ltr'><strong>Amulio.</strong></span> 
     </span>
     <span class='ocr_line' id='line_1_27' title="bbox 349 3461 1127 3564; baseline -0.003 -34"><span class='ocrx_word' id='word_1_141' title='bbox 349 3463 434 3530; x_wconf 71' lang='lat' dir='ltr'><strong>iura</strong></span> <span class='ocrx_word' id='word_1_142' title='bbox 449 3464 576 3549; x_wconf 84' lang='lat' dir='ltr'><strong>regalia</strong></span> <span class='ocrx_word' id='word_1_143' title='bbox 590 3465 750 3550; x_wconf 86' lang='lat' dir='ltr'><strong>recipere.</strong></span> <span class='ocrx_word' id='word_1_144' title='bbox 776 3465 864 3564; x_wconf 83' lang='lat' dir='ltr'><strong>Vide</strong></span> <span class='ocrx_word' id='word_1_145' title='bbox 875 3466 972 3534; x_wconf 68' lang='lat' dir='ltr'><strong>‚lura</strong></span> <span class='ocrx_word' id='word_1_146' title='bbox 986 3461 1127 3552; x_wconf 62' lang='lat' dir='ltr'><strong>sauata·</strong></span> 
     </span>
    </p>
   </div>
   <div class='ocr_carea' id='block_1_3' title="bbox 0 0 1230 4370">
    <p class='ocr_par' dir='ltr' id='par_1_11' title="bbox 0 0 1230 4370">
     <span class='ocr_line' id='line_1_28' title="bbox 0 0 1230 4370; baseline 0 0"><span class='ocrx_word' id='word_1_147' title='bbox 0 0 1230 4370; x_wconf 95' lang='lat' dir='ltr'><strong> </strong></span> 
     </span>
    </p>
   </div>
  </div>
 </body>
</html>
