2488 4368
215 387 293 466 152
577 395 760 471 Sessio.

218 590 255 658 in
278 585 497 658 comitatibus
517 583 657 674 Temos,
679 583 858 671 Torentol,
884 570 1131 672 Krnsso'‚'ubi

219 709 255 771 et
276 707 421 772 octavae
442 705 532 766 sunt
555 698 600 766 V.
623 694 661 788 5.
683 702 717 765 s
1133 695 1138 702 '

213 879 216 885 ,
303 831 447 902 Domino
476 828 630 898 terrestri
662 825 822 895 incumbit
854 845 993 916 surore,
1021 828 1158 914 ut'in’

217 945 353 1016 ensibus
374 942 604 1024 venditionum
625 947 745 1030 quarto
756 943 918 1008 minorum
933 940 1129 1010 sessionum

217 1059 334 1129 reunio
363 1057 572 1145 obtineatur3
603 1054 692 1143 quod
724 1057 825 1122 etism
854 1055 890 1122 iu
925 1065 1009 1124 essu
1037 1053 1128 1124 defi·
1172 1132 1183 1137 ,

216 1172 339 1243 cientis
361 1169 470 1240 uoloni
497 1170 554 1258 qui
574 1168 662 1237 iutro
683 1174 753 1257 ntem
762 1167 976 1313 possidebutp
1003 1168 1128 1236 obser-

216 1285 375 1398 voudum.
398 1285 443 1354 V.
467 1282 504 1373 5.
527 1289 561 1352 d.

300 1405 464 1486 Dominus
480 1421 594 1503 potest
609 1413 762 1482 uolonum
783 1413 827 1482 ed
849 1411 1024 1502 reluendo‚
1048 1432 1127 1481 eum

216 1551 280 1599 suo
303 1547 473 1600 consensu
493 1529 734 1616 immguorotu,
758 1535 816 1594 out
838 1527 1010 1624 temporati
1029 1547 1127 1595 uum-

215 1648 268 1715 bio
291 1649 413 1714 offecto
426 1640 630 1711 ‘sessionelia
646 1648 763 1711 tenuta
781 1645 960 1728 stringere.
975 1641 1020 1710 V.
1038 1639 1075 1732 5.
1088 1647 1124 1711 5.

301 1775 388 1846 Sine
417 1759 590 1846 eonsensu
624 1795 686 1843 suo
713 1794 796 1844 vero
824 1769 1037 1843 interventus
1059 1775 1128 1840 im-

215 1889 707 1979 pignorationesresoiudere,
729 1897 766 1958 et
786 1896 905 1957 eontra
924 1892 1127 1981 pignoratu-

213 2007 301 2075 ¹rium
330 2006 374 2075 ud
399 2007 617 2094 ‚omissionem
638 2022 787 2072 summae
808 2003 1004 2092 procedere.
1034 2002 1124 2072 Ibid.

302 2137 504 2206 Sessiouum
538 2154 697 2204 numerus
726 2136 789 2202 sub
818 2135 1029 2222 regulatione
1057 2121 1126 2223 quo

77 2251 80 2264 '
215 2257 251 2321 iu
274 2249 358 2321 iesu
380 2251 497 2337 sugeri
518 2248 659 2352 deb-eut,
684 2255 743 2318 eut
762 2251 867 2318 minui
886 2252 1009 2340 possit.
1032 2249 1126 2320 Vide

214 2365 412 2455 Reputans.

299 2497 486 2568 §essiones
515 2502 661 2584 possunt
691 2495 793 2566 etiem
825 2493 956 2565 nobiles
994 2513 1122 2564 emere.

216 2609 282 2680 xl.
305 2609 395 2678 Vide
415 2605 564 2679 Nobilis.

302 2737 489 2809 Sessiones
510 2740 717 2810 inusuabiles
733 2737 898 2827 redditus,
921 2757 1126 2830 expungen-

219 2853 295 2921 doe.
318 2853 381 2922 lv.
401 2851 581 2940 5.·14

243 2982 525 3053 Sessionoles
532 2986 814 3072 appertinentiis
836 2937 960 3055 debent
982 2985 1066 3056 cedi
1079 2985 1127 3056 ad

220 3115 324 3188 operp
352 3093 617 3186 privatorume.
648 3119 684 3184 g.
715 3094 871 3187 conules,
901 3087 1022 3168 duetus
1050 3102 1126 3169 fer-

218 3235 298 3284 reos
319 3215 556 3302 necessarios,
584 3231 667 3300 erge
687 3213 821 3302 plenem
842 3214 1124 3312 bouitiootionem.

218 3328 338 3398 XXV.
361 3325 398 3416 5.
423 3332 440 3397 1
464 3329 527 3396 sub
550 3331 583 3396 3.
898 3331 902 3338 '
1186 3417 1190 3429 .

303 3445 353 3518 Et
374 3453 455 3518 tuno
476 3449 600 3518 tubello
616 3451 878 3538 praestationum
891 3449 1125 3540 reotifieauda,

220 3561 426 3649 obtingentis
447 3581 557 3654 nouae
571 3547 614 3634 *et
635 3565 773 3652 eliorum
802 3564 966 3636 donorum
985 3567 1020 3634 iu
1041 3587 1128 3655 pro·
