<?xml version="1.0" encoding="UTF-8"?>
<!DOCTYPE html PUBLIC "-//W3C//DTD XHTML 1.0 Transitional//EN"
    "http://www.w3.org/TR/xhtml1/DTD/xhtml1-transitional.dtd">
<html xmlns="http://www.w3.org/1999/xhtml" xml:lang="en" lang="en">
 <head>
  <title>
</title>
<meta http-equiv="Content-Type" content="text/html;charset=utf-8" />
  <meta name='ocr-system' content='tesseract 3.04.00' />
  <meta name='ocr-capabilities' content='ocr_page ocr_carea ocr_par ocr_line ocrx_word'/>
</head>
<body>
  <div class='ocr_page' id='page_1' title='image "./manualelegumurb00csapgoog_0062.png"; bbox 0 0 2452 4370; ppageno 0'>
   <div class='ocr_carea' id='block_1_1' title="bbox 152 441 987 545">
    <p class='ocr_par' dir='ltr' id='par_1_1' title="bbox 152 441 987 545">
     <span class='ocr_line' id='line_1_1' title="bbox 152 441 987 545; baseline -0.01 -21"><span class='ocrx_word' id='word_1_1' title='bbox 152 448 367 524; x_wconf 79' lang='lat' dir='ltr'><em>Consilium</em></span> <span class='ocrx_word' id='word_1_2' title='bbox 387 447 483 545; x_wconf 73' lang='lat' dir='ltr'><strong>neg.</strong></span> <span class='ocrx_word' id='word_1_3' title='bbox 506 447 875 524; x_wconf 83' lang='lat' dir='ltr'><strong>Locumtenentiale.</strong></span> <span class='ocrx_word' id='word_1_4' title='bbox 938 441 987 516; x_wconf 77' lang='lat'><strong>2⁷</strong></span> 
     </span>
    </p>
   </div>
   <div class='ocr_carea' id='block_1_2' title="bbox 77 641 1032 1056">
    <p class='ocr_par' dir='ltr' id='par_1_2' title="bbox 77 641 1032 848">
     <span class='ocr_line' id='line_1_2' title="bbox 173 641 1032 712; baseline -0.001 -2"><span class='ocrx_word' id='word_1_5' title='bbox 173 645 226 712; x_wconf 89' lang='grc'><strong>10.</strong></span> <span class='ocrx_word' id='word_1_6' title='bbox 250 643 282 708; x_wconf 90' lang='lat' dir='ltr'><strong>si</strong></span> <span class='ocrx_word' id='word_1_7' title='bbox 305 647 488 710; x_wconf 73' lang='lat' dir='ltr'><strong>extraneus</strong></span> <span class='ocrx_word' id='word_1_8' title='bbox 508 641 669 712; x_wconf 83' lang='lat' dir='ltr'><strong>iornioem</strong></span> <span class='ocrx_word' id='word_1_9' title='bbox 691 642 880 712; x_wconf 79' lang='lat' dir='ltr'>conducere</span> <span class='ocrx_word' id='word_1_10' title='bbox 901 643 984 710; x_wconf 86' lang='lat' dir='ltr'><strong>vult.</strong></span> <span class='ocrx_word' id='word_1_11' title='bbox 1026 686 1032 694; x_wconf 82' lang='lat'><em>-</em></span> 
     </span>
     <span class='ocr_line' id='line_1_3' title="bbox 77 755 257 848; baseline -0.006 -24"><span class='ocrx_word' id='word_1_12' title='bbox 77 757 147 826; x_wconf 88' lang='lat' dir='ltr'><strong>vl.</strong></span> <span class='ocrx_word' id='word_1_13' title='bbox 171 755 209 848; x_wconf 68' lang='grc' dir='ltr'><strong>ς.</strong></span> <span class='ocrx_word' id='word_1_14' title='bbox 225 759 257 824; x_wconf 79' lang='grc'><strong>7.</strong></span> 
     </span>
    </p>

    <p class='ocr_par' dir='ltr' id='par_1_3' title="bbox 82 871 984 1056">
     <span class='ocr_line' id='line_1_4' title="bbox 174 871 984 942; baseline -0.004 -3"><span class='ocrx_word' id='word_1_15' title='bbox 174 875 225 939; x_wconf 92' lang='grc'><strong>11.</strong></span> <span class='ocrx_word' id='word_1_16' title='bbox 256 871 494 942; x_wconf 82' lang='lat' dir='ltr'><strong>adnumerum</strong></span> <span class='ocrx_word' id='word_1_17' title='bbox 521 873 736 942; x_wconf 88' lang='lat' dir='ltr'><strong>eduoillorum</strong></span> <span class='ocrx_word' id='word_1_18' title='bbox 757 871 984 942; x_wconf 78' lang='lat' dir='ltr'><strong>communita-</strong></span> 
     </span>
     <span class='ocr_line' id='line_1_5' title="bbox 82 983 488 1056; baseline 0.002 -3"><span class='ocrx_word' id='word_1_19' title='bbox 82 987 143 1053; x_wconf 79' lang='lat' dir='ltr'><strong>tis.</strong></span> <span class='ocrx_word' id='word_1_20' title='bbox 166 985 255 1056; x_wconf 86' lang='lat' dir='ltr'><strong>Vide</strong></span> <span class='ocrx_word' id='word_1_21' title='bbox 276 983 488 1056; x_wconf 77' lang='lat' dir='ltr'><strong>Eduoillum.</strong></span> 
     </span>
    </p>
   </div>
   <div class='ocr_carea' id='block_1_3' title="bbox 85 1193 984 1325">
    <p class='ocr_par' dir='ltr' id='par_1_4' title="bbox 85 1193 984 1325">
     <span class='ocr_line' id='line_1_6' title="bbox 85 1193 984 1325; baseline -0.001 -38"><span class='ocrx_word' id='word_1_22' title='bbox 85 1193 362 1290; x_wconf 77' lang='lat' dir='ltr'><em>Consilium</em></span> <span class='ocrx_word' id='word_1_23' title='bbox 382 1199 500 1325; x_wconf 77' lang='lat' dir='ltr'><strong>Reg.</strong></span> <span class='ocrx_word' id='word_1_24' title='bbox 522 1197 984 1294; x_wconf 81' lang='lat' dir='ltr'><strong>Locumteuenu&#39;ude.</strong></span> 
     </span>
    </p>
   </div>
   <div class='ocr_carea' id='block_1_4' title="bbox 15 1410 1116 3793">
    <p class='ocr_par' dir='ltr' id='par_1_5' title="bbox 82 1410 1027 1846">
     <span class='ocr_line' id='line_1_7' title="bbox 173 1410 1027 1502; baseline -0.001 -24"><span class='ocrx_word' id='word_1_25' title='bbox 173 1410 322 1480; x_wconf 79' lang='lat' dir='ltr'><strong>Consilio</strong></span> <span class='ocrx_word' id='word_1_26' title='bbox 349 1413 392 1480; x_wconf 89' lang='lat' dir='ltr'><strong>R.</strong></span> <span class='ocrx_word' id='word_1_27' title='bbox 420 1413 461 1480; x_wconf 73' lang='grc' dir='ltr'><strong>Ι..</strong></span> <span class='ocrx_word' id='word_1_28' title='bbox 490 1413 669 1502; x_wconf 78' lang='lat' dir='ltr'>incumbit,</span> <span class='ocrx_word' id='word_1_29' title='bbox 698 1414 734 1478; x_wconf 92' lang='lat' dir='ltr'><strong>in</strong></span> <span class='ocrx_word' id='word_1_30' title='bbox 758 1413 893 1480; x_wconf 80' lang='lat' dir='ltr'><strong>casibus</strong></span> <span class='ocrx_word' id='word_1_31' title='bbox 922 1430 989 1477; x_wconf 86' lang='lat' dir='ltr'><strong>nu-</strong></span> <span class='ocrx_word' id='word_1_32' title='bbox 1024 1479 1027 1485; x_wconf 82' lang='grc'>,</span> 
     </span>
     <span class='ocr_line' id='line_1_8' title="bbox 84 1505 989 1614; baseline 0.003 -26"><span class='ocrx_word' id='word_1_33' title='bbox 84 1505 279 1591; x_wconf 79' lang='lat' dir='ltr'><strong>morosioris</strong></span> <span class='ocrx_word' id='word_1_34' title='bbox 314 1533 374 1594; x_wconf 86' lang='lat' dir='ltr'><strong>nut</strong></span> <span class='ocrx_word' id='word_1_35' title='bbox 404 1527 504 1614; x_wconf 82' lang='lat' dir='ltr'><strong>plane</strong></span> <span class='ocrx_word' id='word_1_36' title='bbox 528 1529 641 1597; x_wconf 82' lang='lat' dir='ltr'><strong>totalis</strong></span> <span class='ocrx_word' id='word_1_37' title='bbox 666 1515 809 1613; x_wconf 78' lang='lat' dir='ltr'><strong>ulioujus</strong></span> <span class='ocrx_word' id='word_1_38' title='bbox 835 1525 902 1593; x_wconf 87' lang='lat' dir='ltr'><strong>loci</strong></span> <span class='ocrx_word' id='word_1_39' title='bbox 922 1526 989 1591; x_wconf 89' lang='lat' dir='ltr'><strong>mi-</strong></span> 
     </span>
     <span class='ocr_line' id='line_1_9' title="bbox 84 1636 1005 1728; baseline 0.002 -26"><span class='ocrx_word' id='word_1_40' title='bbox 84 1636 267 1726; x_wconf 78' lang='lat' dir='ltr'><strong>grationis,</strong></span> <span class='ocrx_word' id='word_1_41' title='bbox 290 1640 354 1706; x_wconf 86' lang='lat' dir='ltr'><strong>sibi</strong></span> <span class='ocrx_word' id='word_1_42' title='bbox 375 1659 437 1728; x_wconf 89' lang='lat' dir='ltr'><strong>per</strong></span> <span class='ocrx_word' id='word_1_43' title='bbox 462 1640 647 1708; x_wconf 77' lang='lat' dir='ltr'><strong>Comitatus</strong></span> <span class='ocrx_word' id='word_1_44' title='bbox 670 1638 806 1726; x_wconf 81' lang='lat' dir='ltr'><strong>relatis,</strong></span> <span class='ocrx_word' id='word_1_45' title='bbox 828 1641 863 1705; x_wconf 91' lang='lat' dir='ltr'><strong>in</strong></span> <span class='ocrx_word' id='word_1_46' title='bbox 881 1657 1005 1718; x_wconf 70' lang='lat' dir='ltr'><strong>senem</strong></span> 
     </span>
     <span class='ocr_line' id='line_1_10' title="bbox 82 1743 985 1846; baseline -0.001 -30"><span class='ocrx_word' id='word_1_47' title='bbox 82 1747 174 1834; x_wconf 81' lang='lat' dir='ltr'><strong>legis</strong></span> <span class='ocrx_word' id='word_1_48' title='bbox 188 1743 334 1843; x_wconf 72' lang='lat' dir='ltr'><strong>(eujusi</strong></span> <span class='ocrx_word' id='word_1_49' title='bbox 345 1752 415 1821; x_wconf 89' lang='lat' dir='ltr'><strong>fors</strong></span> <span class='ocrx_word' id='word_1_50' title='bbox 435 1755 529 1822; x_wconf 74' lang='lat'><strong>1723.</strong></span> <span class='ocrx_word' id='word_1_51' title='bbox 549 1749 614 1846; x_wconf 80' lang='lat'><strong>18]</strong></span> <span class='ocrx_word' id='word_1_52' title='bbox 632 1771 782 1838; x_wconf 85' lang='lat' dir='ltr'><strong>oongruu</strong></span> <span class='ocrx_word' id='word_1_53' title='bbox 795 1752 985 1838; x_wconf 82' lang='lat' dir='ltr'><strong>disponere.</strong></span> 
     </span>
    </p>

    <p class='ocr_par' dir='ltr' id='par_1_6' title="bbox 85 1861 726 1953">
     <span class='ocr_line' id='line_1_11' title="bbox 85 1861 726 1953; baseline 0.011 -23"><span class='ocrx_word' id='word_1_54' title='bbox 85 1861 150 1930; x_wconf 82' lang='lat' dir='ltr'><strong>[v.</strong></span> <span class='ocrx_word' id='word_1_55' title='bbox 173 1861 210 1953; x_wconf 79' lang='lat'><strong>§-</strong></span> <span class='ocrx_word' id='word_1_56' title='bbox 228 1872 261 1936; x_wconf 79' lang='lat'><strong>⁵.</strong></span> <span class='ocrx_word' id='word_1_57' title='bbox 724 1891 726 1894; x_wconf 91' lang='lat'>·</span> 
     </span>
    </p>

    <p class='ocr_par' dir='ltr' id='par_1_7' title="bbox 85 1953 989 2164">
     <span class='ocr_line' id='line_1_12' title="bbox 172 1953 989 2053; baseline 0.005 -10"><span class='ocrx_word' id='word_1_58' title='bbox 172 1975 294 2046; x_wconf 82' lang='lat' dir='ltr'><strong>Eidem</strong></span> <span class='ocrx_word' id='word_1_59' title='bbox 328 1953 498 2048; x_wconf 84' lang='lat' dir='ltr'><strong>referendi</strong></span> <span class='ocrx_word' id='word_1_60' title='bbox 530 1988 612 2053; x_wconf 88' lang='lat' dir='ltr'><strong>sunt</strong></span> <span class='ocrx_word' id='word_1_61' title='bbox 645 1977 848 2050; x_wconf 71' lang='lat' dir='ltr'><strong>Contractus</strong></span> <span class='ocrx_word' id='word_1_62' title='bbox 885 1980 989 2050; x_wconf 74' lang='lat' dir='ltr'><strong>urba-</strong></span> 
     </span>
     <span class='ocr_line' id='line_1_13' title="bbox 85 2079 564 2164; baseline 0.01 -7"><span class='ocrx_word' id='word_1_63' title='bbox 85 2090 202 2159; x_wconf 85' lang='lat' dir='ltr'><strong>riules.</strong></span> <span class='ocrx_word' id='word_1_64' title='bbox 226 2091 316 2162; x_wconf 86' lang='lat' dir='ltr'><strong>Vide</strong></span> <span class='ocrx_word' id='word_1_65' title='bbox 339 2079 564 2164; x_wconf 72' lang='lat' dir='ltr'><strong>Ooudroodus.</strong></span> 
     </span>
    </p>

    <p class='ocr_par' dir='ltr' id='par_1_8' title="bbox 87 2203 990 2413">
     <span class='ocr_line' id='line_1_14' title="bbox 172 2203 990 2298; baseline 0.001 -26"><span class='ocrx_word' id='word_1_66' title='bbox 172 2203 221 2274; x_wconf 84' lang='lat' dir='ltr'><strong>Et</strong></span> <span class='ocrx_word' id='word_1_67' title='bbox 239 2225 353 2296; x_wconf 77' lang='lat' dir='ltr'><strong>ossus,</strong></span> <span class='ocrx_word' id='word_1_68' title='bbox 375 2209 407 2274; x_wconf 87' lang='lat' dir='ltr'><strong>si</strong></span> <span class='ocrx_word' id='word_1_69' title='bbox 429 2210 605 2279; x_wconf 83' lang='lat' dir='ltr'><strong>sessiones</strong></span> <span class='ocrx_word' id='word_1_70' title='bbox 619 2209 777 2279; x_wconf 79' lang='lat' dir='ltr'><strong>desertae</strong></span> <span class='ocrx_word' id='word_1_71' title='bbox 792 2209 990 2298; x_wconf 80' lang='lat' dir='ltr'><strong>impopnldri</strong></span> 
     </span>
     <span class='ocr_line' id='line_1_15' title="bbox 87 2321 544 2413; baseline 0.011 -28"><span class='ocrx_word' id='word_1_72' title='bbox 87 2337 158 2386; x_wconf 91' lang='lat' dir='ltr'><strong>non</strong></span> <span class='ocrx_word' id='word_1_73' title='bbox 177 2327 331 2407; x_wconf 80' lang='lat' dir='ltr'><strong>possunt.</strong></span> <span class='ocrx_word' id='word_1_74' title='bbox 354 2321 417 2390; x_wconf 88' lang='lat' dir='ltr'><strong>lv.</strong></span> <span class='ocrx_word' id='word_1_75' title='bbox 440 2321 477 2413; x_wconf 69' lang='grc' dir='ltr'><strong>ς.</strong></span> <span class='ocrx_word' id='word_1_76' title='bbox 494 2328 544 2390; x_wconf 92' lang='grc'><strong>14.</strong></span> 
     </span>
    </p>

    <p class='ocr_par' dir='ltr' id='par_1_9' title="bbox 93 2433 994 2641">
     <span class='ocr_line' id='line_1_16' title="bbox 175 2433 993 2528; baseline 0.006 -27"><span class='ocrx_word' id='word_1_77' title='bbox 175 2433 228 2502; x_wconf 81' lang='lat' dir='ltr'><strong>ltu</strong></span> <span class='ocrx_word' id='word_1_78' title='bbox 262 2437 362 2504; x_wconf 82' lang='lat' dir='ltr'><strong>etium</strong></span> <span class='ocrx_word' id='word_1_79' title='bbox 388 2439 419 2504; x_wconf 89' lang='lat' dir='ltr'><strong>si</strong></span> <span class='ocrx_word' id='word_1_80' title='bbox 439 2439 569 2528; x_wconf 85' lang='lat' dir='ltr'><strong>sessio,</strong></span> <span class='ocrx_word' id='word_1_81' title='bbox 591 2457 653 2506; x_wconf 89' lang='lat' dir='ltr'><strong>sen</strong></span> <span class='ocrx_word' id='word_1_82' title='bbox 676 2441 711 2506; x_wconf 88' lang='lat' dir='ltr'><strong>in</strong></span> <span class='ocrx_word' id='word_1_83' title='bbox 731 2445 846 2525; x_wconf 82' lang='lat' dir='ltr'><strong>purte,</strong></span> <span class='ocrx_word' id='word_1_84' title='bbox 870 2457 932 2505; x_wconf 89' lang='lat' dir='ltr'><strong>seu</strong></span> <span class='ocrx_word' id='word_1_85' title='bbox 953 2437 993 2506; x_wconf 89' lang='lat' dir='ltr'><strong>in</strong></span> 
     </span>
     <span class='ocr_line' id='line_1_17' title="bbox 93 2550 994 2641; baseline 0.006 -26"><span class='ocrx_word' id='word_1_86' title='bbox 93 2553 164 2615; x_wconf 78' lang='lat' dir='ltr'><strong>toto</strong></span> <span class='ocrx_word' id='word_1_87' title='bbox 191 2550 388 2617; x_wconf 77' lang='lat' dir='ltr'><strong>inusuabilis</strong></span> <span class='ocrx_word' id='word_1_88' title='bbox 421 2551 578 2640; x_wconf 84' lang='lat' dir='ltr'><strong>redditu,</strong></span> <span class='ocrx_word' id='word_1_89' title='bbox 615 2553 673 2621; x_wconf 90' lang='lat' dir='ltr'><strong>vel</strong></span> <span class='ocrx_word' id='word_1_90' title='bbox 705 2551 814 2641; x_wconf 80' lang='lat' dir='ltr'><strong>quood</strong></span> <span class='ocrx_word' id='word_1_91' title='bbox 834 2557 994 2640; x_wconf 75' lang='lat' dir='ltr'><strong>praeste-</strong></span> 
     </span>
    </p>

    <p class='ocr_par' dir='ltr' id='par_1_10' title="bbox 24 2661 994 2869">
     <span class='ocr_line' id='line_1_18' title="bbox 24 2661 994 2758; baseline 0.004 -28"><span class='ocrx_word' id='word_1_92' title='bbox 24 2691 28 2696; x_wconf 90' lang='lat'>·</span> <span class='ocrx_word' id='word_1_93' title='bbox 88 2661 202 2730; x_wconf 84' lang='lat' dir='ltr'><strong>tiones</strong></span> <span class='ocrx_word' id='word_1_94' title='bbox 225 2661 447 2758; x_wconf 54' lang='lat' dir='ltr'><strong>devolvunt,</strong></span> <span class='ocrx_word' id='word_1_95' title='bbox 468 2664 535 2732; x_wconf 59' lang='lat' dir='ltr'><strong>*vel</strong></span> <span class='ocrx_word' id='word_1_96' title='bbox 557 2685 641 2734; x_wconf 89' lang='lat' dir='ltr'><strong>vero</strong></span> <span class='ocrx_word' id='word_1_97' title='bbox 660 2666 807 2734; x_wconf 80' lang='lat' dir='ltr'><strong>totaliter</strong></span> <span class='ocrx_word' id='word_1_98' title='bbox 831 2684 851 2732; x_wconf 89' lang='lat' dir='ltr'><strong>e</strong></span> <span class='ocrx_word' id='word_1_99' title='bbox 874 2683 994 2734; x_wconf 87' lang='lat' dir='ltr'><strong>nume-</strong></span> 
     </span>
     <span class='ocr_line' id='line_1_19' title="bbox 88 2775 814 2869; baseline 0.004 -28"><span class='ocrx_word' id='word_1_100' title='bbox 88 2795 129 2842; x_wconf 91' lang='lat' dir='ltr'><strong>ro</strong></span> <span class='ocrx_word' id='word_1_101' title='bbox 155 2779 345 2844; x_wconf 87' lang='lat' dir='ltr'><strong>sessionum</strong></span> <span class='ocrx_word' id='word_1_102' title='bbox 368 2781 581 2864; x_wconf 84' lang='lat' dir='ltr'><strong>expungitur.</strong></span> <span class='ocrx_word' id='word_1_103' title='bbox 605 2781 667 2848; x_wconf 87' lang='lat' dir='ltr'><strong>IV.</strong></span> <span class='ocrx_word' id='word_1_104' title='bbox 691 2775 728 2869; x_wconf 85' lang='lat'><strong>§.</strong></span> <span class='ocrx_word' id='word_1_105' title='bbox 762 2781 814 2846; x_wconf 91' lang='grc'><strong>14.</strong></span> 
     </span>
    </p>

    <p class='ocr_par' dir='ltr' id='par_1_11' title="bbox 88 2889 989 3092">
     <span class='ocr_line' id='line_1_20' title="bbox 177 2889 989 2981; baseline 0.001 -25"><span class='ocrx_word' id='word_1_106' title='bbox 177 2889 284 2960; x_wconf 84' lang='grc' dir='ltr'>Ροιτο</span> <span class='ocrx_word' id='word_1_107' title='bbox 304 2909 407 2962; x_wconf 78' lang='lat' dir='ltr'><strong>susus</strong></span> <span class='ocrx_word' id='word_1_108' title='bbox 427 2895 639 2964; x_wconf 87' lang='lat' dir='ltr'><strong>reluitionum</strong></span> <span class='ocrx_word' id='word_1_109' title='bbox 665 2893 989 2981; x_wconf 82' lang='lat' dir='ltr'><strong>Exstirpniumrum.</strong></span> 
     </span>
     <span class='ocr_line' id='line_1_21' title="bbox 88 3000 264 3092; baseline 0.006 -23"><span class='ocrx_word' id='word_1_110' title='bbox 88 3001 153 3070; x_wconf 85' lang='lat' dir='ltr'><strong>vl.</strong></span> <span class='ocrx_word' id='word_1_111' title='bbox 179 3000 216 3092; x_wconf 83' lang='lat'><strong>§.</strong></span> <span class='ocrx_word' id='word_1_112' title='bbox 234 3009 264 3070; x_wconf 97' lang='grc'><strong>1.</strong></span> 
     </span>
    </p>

    <p class='ocr_par' dir='ltr' id='par_1_12' title="bbox 87 3115 1116 3322">
     <span class='ocr_line' id='line_1_22' title="bbox 179 3115 1116 3207; baseline 0 -22"><span class='ocrx_word' id='word_1_113' title='bbox 179 3115 364 3187; x_wconf 82' lang='lat' dir='ltr'><strong>Consilium</strong></span> <span class='ocrx_word' id='word_1_114' title='bbox 383 3122 426 3189; x_wconf 90' lang='lat' dir='ltr'><strong>R.</strong></span> <span class='ocrx_word' id='word_1_115' title='bbox 444 3122 486 3188; x_wconf 85' lang='lat' dir='ltr'><strong>L.</strong></span> <span class='ocrx_word' id='word_1_116' title='bbox 504 3128 560 3189; x_wconf 88' lang='lat' dir='ltr'><strong>est</strong></span> <span class='ocrx_word' id='word_1_117' title='bbox 577 3120 996 3207; x_wconf 83' lang='lat' dir='ltr'><strong>rorumsuperrevisorium</strong></span> <span class='ocrx_word' id='word_1_118' title='bbox 1112 3169 1116 3174; x_wconf 86' lang='lat'><strong>.</strong></span> 
     </span>
     <span class='ocr_line' id='line_1_23' title="bbox 87 3230 898 3322; baseline -0.002 -22"><span class='ocrx_word' id='word_1_119' title='bbox 87 3249 152 3318; x_wconf 87' lang='lat' dir='ltr'><strong>pro</strong></span> <span class='ocrx_word' id='word_1_120' title='bbox 177 3231 329 3306; x_wconf 77' lang='lat' dir='ltr'><strong>omnibus</strong></span> <span class='ocrx_word' id='word_1_121' title='bbox 350 3234 572 3302; x_wconf 84' lang='lat' dir='ltr'><strong>urburiulibus</strong></span> <span class='ocrx_word' id='word_1_122' title='bbox 593 3235 717 3302; x_wconf 87' lang='lat' dir='ltr'><strong>onusis.</strong></span> <span class='ocrx_word' id='word_1_123' title='bbox 742 3232 790 3300; x_wconf 86' lang='lat' dir='ltr'><strong>X.</strong></span> <span class='ocrx_word' id='word_1_124' title='bbox 814 3230 851 3322; x_wconf 72' lang='lat' dir='ltr'><strong>S.</strong></span> <span class='ocrx_word' id='word_1_125' title='bbox 866 3238 898 3299; x_wconf 92' lang='grc'><strong>4.</strong></span> 
     </span>
    </p>

    <p class='ocr_par' dir='ltr' id='par_1_13' title="bbox 15 3341 998 3793">
     <span class='ocr_line' id='line_1_24' title="bbox 15 3341 998 3430; baseline 0 -19"><span class='ocrx_word' id='word_1_126' title='bbox 15 3421 16 3430; x_wconf 15' lang='lat'>¹</span> <span class='ocrx_word' id='word_1_127' title='bbox 179 3341 230 3411; x_wconf 78' lang='lat' dir='ltr'><strong>Er</strong></span> <span class='ocrx_word' id='word_1_128' title='bbox 250 3351 385 3413; x_wconf 82' lang='lat' dir='ltr'><strong>tenetur</strong></span> <span class='ocrx_word' id='word_1_129' title='bbox 410 3347 598 3416; x_wconf 71' lang='lat' dir='ltr'><strong>sententio·</strong></span> <span class='ocrx_word' id='word_1_130' title='bbox 623 3363 706 3413; x_wconf 85' lang='lat' dir='ltr'><strong>suns</strong></span> <span class='ocrx_word' id='word_1_131' title='bbox 729 3347 924 3413; x_wconf 76' lang='lat' dir='ltr'><strong>motivisin</strong></span> <span class='ocrx_word' id='word_1_132' title='bbox 945 3345 998 3411; x_wconf 88' lang='lat' dir='ltr'><strong>le-</strong></span> 
     </span>
     <span class='ocr_line' id='line_1_25' title="bbox 16 3453 997 3561; baseline 0.008 -45"><span class='ocrx_word' id='word_1_133' title='bbox 16 3489 17 3516; x_wconf 60' lang='lat'><strong>.</strong></span> <span class='ocrx_word' id='word_1_134' title='bbox 83 3457 192 3543; x_wconf 86' lang='lat' dir='ltr'><strong>gibus</strong></span> <span class='ocrx_word' id='word_1_135' title='bbox 215 3457 385 3548; x_wconf 79' lang='lat' dir='ltr'><strong>fundatis,</strong></span> <span class='ocrx_word' id='word_1_136' title='bbox 415 3477 456 3530; x_wconf 78' lang='lat' dir='ltr'><strong>ue</strong></span> <span class='ocrx_word' id='word_1_137' title='bbox 482 3459 631 3530; x_wconf 81' lang='lat' dir='ltr'><strong>seriatim</strong></span> <span class='ocrx_word' id='word_1_138' title='bbox 657 3457 898 3561; x_wconf 79' lang='lat' dir='ltr'><strong>enumerandis</strong></span> <span class='ocrx_word' id='word_1_139' title='bbox 930 3453 997 3524; x_wconf 82' lang='lat' dir='ltr'><strong>ful·</strong></span> 
     </span>
     <span class='ocr_line' id='line_1_26' title="bbox 17 3557 855 3793; baseline 0.004 -153"><span class='ocrx_word' id='word_1_140' title='bbox 17 3591 22 3793; x_wconf 44' lang='lat'>}</span> <span class='ocrx_word' id='word_1_141' title='bbox 88 3569 177 3640; x_wconf 78' lang='lat' dir='ltr'><strong>cire.</strong></span> <span class='ocrx_word' id='word_1_142' title='bbox 203 3569 250 3640; x_wconf 84' lang='lat' dir='ltr'><strong>X.</strong></span> <span class='ocrx_word' id='word_1_143' title='bbox 273 3567 311 3661; x_wconf 75' lang='lat'><strong>§-</strong></span> <span class='ocrx_word' id='word_1_144' title='bbox 334 3577 378 3655; x_wconf 60' lang='lat' dir='ltr'><strong>df</strong></span> <span class='ocrx_word' id='word_1_145' title='bbox 528 3564 532 3571; x_wconf 75' lang='grc'><strong><em>’</em></strong></span> <span class='ocrx_word' id='word_1_146' title='bbox 848 3557 855 3568; x_wconf 63' lang='grc'>’</span> 
     </span>
    </p>
   </div>
   <div class='ocr_carea' id='block_1_5' title="bbox 779 3681 798 3720">
    <p class='ocr_par' dir='ltr' id='par_1_14' title="bbox 779 3681 798 3720">
     <span class='ocr_line' id='line_1_27' title="bbox 779 3681 798 3720; baseline 0 0"><span class='ocrx_word' id='word_1_147' title='bbox 779 3681 798 3720; x_wconf 72' lang='lat'>*</span> 
     </span>
    </p>
   </div>
   <div class='ocr_carea' id='block_1_6' title="bbox 22 3991 30 4299">
    <p class='ocr_par' dir='ltr' id='par_1_15' title="bbox 21 3949 30 4299">
     <span class='ocr_line' id='line_1_28' title="bbox 22 3991 30 4299; baseline 0 0"><span class='ocrx_word' id='word_1_148' title='bbox 22 3991 30 4299; x_wconf 70' lang='lat' dir='ltr'><strong>i</strong></span> 
     </span>
    </p>
   </div>
   <div class='ocr_carea' id='block_1_7' title="bbox 0 0 1242 4370">
    <p class='ocr_par' dir='ltr' id='par_1_16' title="bbox 0 0 1242 4370">
     <span class='ocr_line' id='line_1_29' title="bbox 0 0 1242 4370; baseline 0 0"><span class='ocrx_word' id='word_1_149' title='bbox 0 0 1242 4370; x_wconf 95' lang='lat' dir='ltr'><strong> </strong></span> 
     </span>
    </p>
   </div>
  </div>
 </body>
</html>
