2452 4370
448 743 531 874 D.

385 939 603 1046 Dumna.

120 1126 149 1194 1.
172 1083 432 1200 Per'soouuoo
458 1133 495 1200 on
527 1132 658 1220 sylvis,
686 1133 791 1220 socos,
813 1131 944 1220 venen,

50 1240 147 1328 agitet,
158 1243 272 1327 protis
294 1261 357 1310 scu
368 1243 523 1314 Dominio
543 1263 606 1312 seu
627 1243 834 1312 consubditis
854 1244 945 1314 infe-

51 1351 160 1442 rendo,
182 1373 251 1442 per
274 1353 573 1447 disintenessutos,
597 1359 729 1426 etiamsi
755 1376 800 1425 ex
820 1359 944 1426 vicinis

51 1469 331 1536 communitatibus
362 1471 600 1559 requirendos,
614 1473 650 1536 in
682 1488 849 1538 concursu
877 1473 946 1560 poi-

51 1597 163 1645 uorum
182 1581 252 1650 loci
272 1583 501 1669 aestimando3
525 1587 610 1652 etsi
636 1585 728 1652 60t.
753 1601 820 1652 non
838 1602 944 1662 excee·
1000 1624 1004 1628 -
1029 1605 1034 1610 ’

53 1687 138 1788 tono,
160 1713 233 1762 unu
251 1714 329 1767 cum
351 1695 478 1764 dicionis
501 1704 537 1764 et
562 1699 724 1783 expensis
742 1699 943 1765 auctoritate

53 1802 196 1874 dominati
216 1807 438 1900 exsequendo
452 1817 541 1877 sunt.
560 1809 608 1886 X.
626 1806 662 1898 5.
677 1813 710 1876 5.
724 1811 787 1876 sub
798 1812 830 1877 ³.
846 1809 894 1878 lit.
907 1828 938 1877 a.
1018 1881 1019 1884 ,

122 1931 307 2020 Appellato
347 1933 392 2000 ud
426 1933 583 2003 Sedu-ium
617 1940 715 2001 extre
751 1936 964 2004 Dominium'

51 2039 116 2107 ibid.
459 2041 461 2043 ’
771 2037 773 2044 '

98 2155 316 2244 .·Sexuginto
339 2160 484 2227 florenos
510 2157 711 2254 encedentio
731 2179 794 2248 per
815 2160 941 2230 Sedeou

54 2264 240 2340 toninolem
250 2272 446 2360 judicando.
465 2273 518 2358 X.
541 2269 578 2362 5.
594 2277 626 2340 5.
649 2273 711 2340 sub
734 2277 767 2341 3.
792 2273 841 2340 lit.
863 2291 895 2341 u.

124 2393 232 2465 Gravi
270 2397 370 2486 culpo
393 2406 452 2466 out
477 2397 572 2485 dolo,
594 2386 809 2492 ireodnlenta
829 2417 939 2467 nonae

56 2507 284 2598 occultatione,
316 2519 351 2612 et
375 2531 438 2600 per
465 2529 683 2598 quoscunque
708 2513 938 2620 praescripto-

51 2635 110 2684 rum
129 2624 342 2692 urboriulium
370 2627 662 2710 transgressiones
685 2629 825 2691 causato
843 2624 938 2692 dum·
967 2667 969 2671 ψ

52 2747 102 2820 oo,
128 2736 246 2806 eodem
273 2741 405 2808 ratione
437 2737 653 2806 vindicando.
685 2736 732 2804 X.
761 2733 797 2826 5.
819 2741 851 2804 5.
875 2739 938 2804 sub
1055 2733 1059 2738 ’

52 2845 76 2908 t
94 2844 141 2914 lit.
162 2851 196 2917 b.
746 2911 748 2914 .

122 2961 171 3045 Et
193 2967 333 3053 insuper
349 2984 412 3054 pec·
438 2965 564 3036 Sedem
587 2940 784 3031 dominatum
807 2972 937 3031 ernesto

53 3071 149 3142 1-8
176 3077 302 3170 dierum
324 3078 504 3166 puniendo.
528 3077 576 3145 X.
598 3074 634 3166 5.
653 3081 685 3142 5.
704 3076 813 3142 sobe.
832 3074 881 3143 lit.
903 3078 935 3143 b.

124 3187 165 3256 Si
187 3183 333 3260 convicti
368 3193 566 3263 satisfecere
587 3209 655 3256 non
687 3196 860 3276 possent,
884 3187 939 3256 di·
1023 3214 1025 3218 ·

53 3302 110 3366 ctet
134 3323 274 3390 poenam
291 3305 424 3398 'delicto
460 3299 789 3373 commensurandam
822 3301 935 3371 Sedes

50 3407 219 3487 iudiciario.
242 3419 290 3487 X.
314 3417 351 3510 5.
368 3423 401 3486 5.
419 3417 481 3485 sub
502 3419 534 3483 3.
557 3415 605 3480 lit.
625 3413 648 3478 t.

54 3553 65 3598 s
122 3529 211 3602 Vide
236 3532 380 3621 Guttae,
407 3529 644 3604 cccccccccc.
