2452 4370
270 393 320 472 44
485 405 738 480 Πίαειαὶό-
746 404 950 480 Dimcnuc'u.

356 599 433 669 Huc
451 600 518 668 iinc
536 598 580 667 od
601 599 708 667 surum
724 599 857 668 Judicis
871 597 1031 668 Nobilium
1048 603 1083 664 et
1097 597 1155 664 Ju-

271 715 430 792 rumoris,
449 720 707 802 quantocunque
721 732 849 781 summo
865 719 968 801 essct,
982 731 1056 779 cum
1067 729 1157 798 pruc-

270 825 394 896 fixione
417 827 538 913 legulis
558 827 690 896 termini
709 827 885 915 citabitur,
909 827 1083 894 summarie
1102 841 1156 891 ou·

270 937 402 1028 dictur,
425 946 461 1008 ct
478 939 630 1008 omnibus
651 939 924 1030 summitatibus,
946 937 1158 1024 remediisju·

271 1051 406 1141 ridicis,
428 1053 651 1141 praescissis,
674 1053 708 1120 in
725 1055 900 1141 juristitiis
920 1055 1037 1140 etium,
1058 1053 1093 1118 in
1111 1067 1158 1117 ru

271 1155 399 1234 stantib
419 1166 710 1255 contributionum,
735 1187 804 1236 uno
821 1188 896 1236 cum
911 1167 1070 1256 expensis
1085 1181 1159 1232 cun·

269 1278 446 1368 vincetur,
464 1299 505 1356 uu
524 1280 613 1350 illico
637 1281 829 1352 executioni
845 1282 948 1350 etium
967 1280 1157 1368 subjicietur.

269 1389 318 1458 Χ.
343 1388 379 1482 s.
400 1396 452 1461 it.

260 1497 264 1506 “
352 1506 534 1594 Appellato
563 1509 598 1574 in
634 1509 693 1576 tuli
723 1527 887 1597 processu
917 1509 1037 1578 sultem
1073 1511 1158 1574 extro

268 1616 459 1820 Demsiuium
479 1619 523 1688 ud
544 1619 720 1710 Scortum,
743 1642 808 1692 nec
826 1623 914 1692 ultro
935 1622 1083 1692 admissu
1102 1627 1157 1688 est.

273 1729 321 1799 X.
374 1777 384 1797 .
409 1736 460 1800 14.

356 1843 651 1932 Impupuiutiuncm
704 1847 912 1917 deserturum
961 1847 1159 1938 impedientis
1208 1889 1209 1894 ,

271 1953 405 2024 Domini
424 1962 596 2028 temcstris
611 1980 722 2048 poeno
741 1969 821 2030 sunt
836 1967 901 2032 200
917 1965 949 2032 il.
971 1965 1072 2033 toties
1086 1979 1160 2051 quu-

273 2057 352 2124 ties.
375 2057 440 2126 XI.
465 2057 507 2149 δέ
519 2067 552 2130 9.
576 2071 611 2131 et
629 2068 680 2132 12.

333 2169 539 2261 'Appellato
566 2196 588 2244 o
614 2176 739 2248 Scdriu
763 2178 806 2246 ud
836 2179 956 2248 ultiuru
990 2181 1063 2250 iuro
1082 2181 1159 2248 iutro

273 2287 472 2360 Dominium.
496 2292 561 2360 XI.
584 2288 707 2381 ΜΓ

452 2460 687 2562 Diaetale
717 2459 1002 2559 subsidium.
1048 2568 1052 2577 ,

361 2627 458 2710 Quod
480 2629 653 2718 bucusque
681 2631 835 2700 Dominis
859 2637 1095 2724 terrestribus,
1111 2649 1163 2722 per
1207 2691 1210 2706 .

273 2740 423 2826 Regules
444 2743 488 2810 od
513 2745 653 2814 conuitio
676 2749 829 2836 vocetis,
845 2749 973 2818 subditi
999 2757 1163 2838 praestorc

274 2855 545 2942 solebant-inter
566 2862 724 2944 generice
746 2863 926 2948 abrogatus
946 2849 1058 2936 dubios
1082 2883 1164 2934 curu·

273 2969 499 3054 prehenditur.
523 2975 601 3042 vlt.
625 2972 661 3064 S
681 2981 731 3044 ii.

415 3153 672 3245 Dimenuiu
706 3172 1024 3256 terrenorum.
1115 3185 1121 3195 ‘

332 3359 340 3370 -·
360 3317 549 3388 Occasione
587 3319 754 3390 metalium
802 3347 1032 3414 processuum.
1083 3322 1163 3406 Vide

272 3431 407 3500 Mutae.

360 3546 548 3658 Occasione
571 3549 837 3632 Regulutionum.
862 3555 949 3624 Vide
973 3554 1160 3644 Reuulctu‘u
