2452 4370
344 387 656 460 Communitates.
850 390 851 394 ’
907 381 955 456 23

138 579 211 650 Sed
239 581 393 648 desertas
420 583 596 649 sessiones
633 599 716 668 ergo
742 581 948 650 emolumen·
1045 659 1050 665 ,

61 699 92 758 ta
110 699 145 760 et
178 712 282 770 onera
307 693 479 780 usquead
515 695 805 782 impopulatiouem
828 693 950 762 colant.

63 803 118 871 tv.
141 801 178 895 s.
204 810 255 873 14.
370 856 373 860 .

40 985 44 1007 ‚
137 919 172 984 A
187 917 300 985 trudis
315 917 571 986 communitatis
580 917 836 988 obvenientium
851 935 955 1006 prae·
985 915 993 929 '

26 1025 29 1035 '
66 1031 238 1098 stationum
269 1032 416 1120 intuitu,
449 1033 655 1121 praevigens
687 1041 771 1098 usus
799 1039 955 1100 manute-

65 1140 199 1208 nendus.
221 1143 299 1210 VH.
323 1141 360 1232 5.
385 1149 437 1212 10.

16 1322 20 1335 ,
139 1253 339 1330 Debitarum
359 1259 543 1326 eontraotio
573 1257 860 1328 communitatibus
887 1276 953 1325 ve-

65 1365 117 1432 tta
137 1374 202 1438 est,
226 1367 291 1435 lx.
314 1366 351 1458 5.
370 1375 403 1437 4.

141 1479 308 1548 Dominus
328 1474 501 1550 terrestris
529 1487 642 1570 potest
657 1483 825 1565 stringere
853 1481 955 1548 Com-

64 1589 232 1660 uuuitates
259 1593 304 1660 ad
321 1587 562 1662 ementiundo
582 1593 746 1660 benefitia
763 1591 957 1660 Communi·
1030 1601 1034 1610 ’

64 1703 150 1791 tatia,
174 1707 206 1770 si
229 1705 413 1807 pomestiea
439 1706 683 1794 administratio
708 1724 823 1774 eorum
844 1707 951 1790 tnagis

62 1811 183 1886 lucrosa
206 1837 274 1887 non
299 1817 488 1896 asset'IX.
511 1817 548 1910 5.
566 1824 599 1886 2.
790 1907 802 1914 ff
855 1831 858 1836 '

136 1929 327 2000 Occasione
355 1934 433 2002 talis
464 1933 657 2001 licitatiouis
688 1931 853 1998 Dominus
881 1933 956 2018 ipse

65 2042 112 2109 vel
132 2047 207 2130 ejus
228 2046 386 2114 officialis
408 2056 519 2114 aotum
534 2047 733 2114 solenniset.
756 2045 821 2113 IX.
845 2041 882 2134 5.
898 2048 929 2111 2.
1066 2033 1118 2096 J
1204 2069 1206 2077 ι

124 2157 178 2226 ¹Si
209 2177 292 2226 vera
320 2159 484 2226 Dominus
515 2161 590 2246 ipse
620 2158 804 2226 wtolliaitare
828 2155 960 2240 velletT

64 2269 227 2368 suppletur
254 2291 316 2360 per
348 2291 527 2360 personam
559 2269 853 2376 magistratualem.
884 2265 961 2335 lx.-

116 2386 146 2450 t.
937 2443 938 2447 ,

66 2375 98 2466 s
140 2496 406 2566 communitates.
417 2501 595 2586 quotannis
616 2502 829 2585 prospectum
853 2493 956 2560 futuri
1089 2547 1091 2554 ,

64 2609 133 2674 anni
152 2612 383 2694 erogationum
410 2603 553 2699 parent,
578 2617 613 2678 et
635 2609 778 2678 Domino
802 2607 956 2674 terrestri

65 2737 117 2802 pro
141 2724 313 2790 revisione
329 2730 372 2809 ‘et
404 2725 645 2812 approbatione
669 2720 860 2802 exiribeant.
892 2716 957 2800 Qui

66 2832 91 2898 si
105 2833 166 2904 hoo
187 2837 278 2924 intra
298 2854 535 2904 mensemnan
557 2836 696 2919 feeerit,
724 2833 882 2922 supplere
903 2839 957 2898 ta-
1006 2895 1010 2902 ,
1148 2825 1157 2832 ’

67 2955 156 3016 netur
182 2948 300 3018 iudex
316 2949 492 3016 nobilium.
515 2947 581 3016 lx.
605 2943 641 3036 5.
663 2953 695 3014 4.

142 3061 313 3132 Prmrores
338 3063 503 3129 assistant
534 3059 724 3136 executioni
748 3063 870 3124 eontra
900 3075 958 3123 ro-
1020 3096 1032 3116 .

66 3171 239 3240 noctarios
263 3171 415 3240 subditos
442 3172 646 3246 authoritate
670 3168 826 3252 domiuali
845 3171 958 3235 susti·

66 3285 213 3368 piendae.
238 3285 284 3351 X.
309 3282 345 3374 5.
365 3288 398 3352 3.

143 3399 184 3464 ln
234 3397 531 3466 Communitatibus
578 3393 718 3460 formato
762 3397 959 3477 magistratu

70 3513 129 3582 noa
159 3514 305 3597 provisis
340 3507 498 3582 verbales
532 3503 720 3575 causasti
744 3507 900 3570 viresw
925 3502 956 3565 n.
