2488 4368
271 382 322 460 88
515 341 592 467 ros
610 389 925 490 praeemptionis.
978 431 981 438 ·

358 581 461 655 Ubi
450 601 486 650 nr
514 601 580 650 usu
606 587 699 670 orat,
729 581 887 668 competit
911 577 1062 654 nomino
1085 595 1109 644 u
1129 575 1181 645 vi·

276 697 362 768 ιιείσ.
385 695 467 801 vn:
487 692 524 782 5.
551 698 584 763 3.

359 812 409 884 Εἰ
429 833 497 882 non
512 819 625 902 potest
646 777 764 918 augeri
779 813 840 882 sub
853 825 964 902 poeno
984 766 1184 916 uiolentius,

245 993 248 1002 .
274 929 343 996 nisi
364 930 518 996 extensio
548 909 723 995 fundorurn
745 927 896 996 culturae
922 909 1028 995 aneto
1051 923 1183 1044 fuisset

275 1039 668 1129 mm.ffl.w.

358 1157 417 1227 Ex
444 1161 521 1230 uvis
549 1162 664 1248 possis
694 1165 729 1230 et
750 1161 902 1229 essentia
918 1175 988 1228 uon
1012 1157 1180 1246 oonpetit

276 1271 356 1342 VII.
379 1270 416 1362 5.
439 1275 472 1342 3.

274 1389 275 1392 ’
360 1392 615 1462 Desumerdnrn
643 1400 700 1464 est
728 1395 763 1462 in
791 1408 948 1464 mensure
982 1375 1181 1481 pontiniensi

275 1507 330 1574 31.
355 1505 451 1574 loto.
474 1506 552 1576 VII.
576 1503 622 1594 5.·
636 1509 668 1575 3.

360 1623 409 1692 Et
430 1625 564 1712 quidem
578 1629 668 1696 intro
689 1633 821 1715 tempus
842 1645 904 1714 per
918 1623 1112 1694 comitatus
1125 1617 1182 1686 de·

275 1735 444 1822 figendum
471 1739 534 1806 sub
561 1758 671 1828 poeno
691 1741 895 1808 omissionis.
928 1739 1007 1808 Art.
1031 1739 1066 1808 7.
1092 1735 1180 1806 1803

275 1853 330 1919 95.
357 1855 451 1922 1617.
473 1853 552 1922 vn.
575 1853 613 1944 5.
635 1857 669 1924 3.

304 1998 309 2009 ι
361 1969 527 2042 Deventio
544 1975 758 2061 restringitur
771 1974 816 2044 ed
835 1975 993 2045 nubitum
1014 1968 1180 2056 territoriis

277 2083 345 2152 nisi
367 2091 560 2154 eontrnotus
582 2087 673 2156 eliud
695 2091 917 2164 continerent.
939 2087 1021 2158 vn.
1045 2087 1084 2178 5.
1107 2087 1139 2156 3

327 2201 404 2291 &st
424 2205 551 2274 nullum
577 2209 704 2276 vinnm'
721 2217 975 2308 procrearetur,
998 2212 1063 2298 jus
1088 2219 1179 2275 mon·

277 2323 393 2385 tenum
414 2336 459 2386 ex
481 2323 655 2434 sequentis
678 2323 759 2390 unni
778 2323 1180 2412 prooeotoneoonpeu-

258 2419 421 2498 ‘'eondum
443 2438 508 2500 est.
531 2433 611 2519 Vll.
617 2427 671 2522 5.
694 2437 727 2504 3.
922 2437 927 2450 ’
991 2499 997 2505 .

345 2548 481 2648 Quoad
509 2553 690 2624 subvineto
719 2555 925 2644 proevigeus
939 2571 1032 2622 usus
1054 2546 1180 2622 stetit·

279 2666 345 2728 tur.
369 2661 448 2731 vil
471 2660 509 2752 5.
531 2668 564 2735 3

359 2780 416 2848 In
423 2783 645 2854 Oomttotibns
666 2787 846 2876 Posega,
841 2781 1015 2872 Veroene',
1037 2779 1181 2856 storin

275 2893 454 2980 esingule
481 2915 567 2964 urna
587 2899 730 2967 Musti
719 2919 755 2966 ιιι
778 2897 1058 2968 extrosessionnli
1077 2896 1179 2965 vinei

273 3005 427 3094 producti
462 3003 618 3120 eom'petit
652 3029 720 3080 uuo
751 3013 866 3111 ρίιιίι,
903 3029 976 3081 seu
998 3015 1020 3082 3
1048 3004 1176 3078 medior

268 3137 386 3208 posou
410 3119 488 3190 VII.
511 3118 549 3210 5.
571 3125 655 3190 3

309 3287 402 3381 Jus
424 3255 782 3426 praesuntionis
799 3310 856 3408 et.
864 3289 1144 3425 prioritatis

274 3453 451 3524 nominetis
472 3455 664 3543 abrogetur.
688 3458 766 3528 vlla
790 3457 827 3550 5.
853 3464 916 3528 11.Υ
