2452 4370
213 411 263 486 46
462 416 587 490 Dolus
602 385 870 488 -Dorar‘nrrs-
936 473 940 484 r

214 608 332 695 fretri3
359 627 420 696 pro
446 607 588 695 reliquis
622 605 851 674 aedificandae
881 606 961 672 stant
998 602 1125 672 domus

213 729 378 809 paternae
403 720 548 808 similes,
576 721 632 787 ubi
655 723 731 808 quis
750 719 903 788 voluerit.
927 717 1030 786 Etim
1052 718 1123 786 hee

214 855 296 904 casn
317 841 431 922 potest
454 854 514 921 pro
535 833 641 901 *fundo
664 833 795 901 aedium
821 835 921 900 etiam
943 831 1121 899 colonica-

212 952 254 1016 iis
277 952 387 1018 sessio
413 948 576 1016 destinari
600 951 637 1016 vi
658 952 702 1016 40
724 952 784 1013 1¹².
811 945 872 1014 IV.
895 943 932 1036 s.
957 945 990 1012 6.
1003 951 1039 1012 et
1055 949 1113 1012 12.

295 1061 428 1130 Divisio
467 1063 556 1128 inter
585 1060 708 1129 fratres
736 1059 891 1129 carnales
920 1064 978 1125 eut
1015 1059 1120 1124 etiam

95 1231 99 1238 ,
168 1249 173 1262 ‚
213 1178 375 1263 uterinos,
391 1181 449 1242 aut
461 1174 639 1250 fratrueles
655 1173 873 1259 subditorum,
884 1174 985 1258 juxta
999 1169 1119 1238 cadem

122 1276 125 1285 ¹
212 1290 384 1376 principia
396 1288 603 1356 instituenda
615 1296 680 1376 est,
696 1295 796 1375 prout
810 1290 899 1354 inter
912 1284 1060 1370 Nobiles,
1083 1291 1126 1352 et

217 1405 441 1471 emissiones
454 1409 534 1470 sunt
555 1422 618 1489 per
632 1401 809 1469 Dominum
826 1405 1020 1467 terrestrem
1035 1417 1119 1464 sus-

213 1516 415 1606 cipiendae,
446 1515 556 1603 quoad
580 1515 843 1584 Communitates
864 1512 1016 1581 ordinato
1039 1513 1120 1580 iia-

214 1630 360 1712 gistratu
389 1647 456 1696 non
474 1629 643 1716 provisas.
669 1627 766 1697 XIV.
791 1623 828 1715 S.
848 1631 899 1696 10.

569 1802 754 1899 Dolus.
800 1823 809 1842 ⁴

297 1970 383 2040 Dolo
404 1971 498 2039 illata
518 1970 650 2038 damna.
663 1970 763 2038 xvide
779 1969 933 2039 Dora-rra.

186 2183 189 2189 ι
298 2085 385 2152 Dolo
422 2087 592 2172 procurati
628 2083 831 2154 Contractus
869 2083 979 2150 nrbar.
1030 2079 1122 2148 Vide

220 2198 445 2268 Contractaa
572 2293 575 2300 Ι

398 2363 643 2454 Dominus
675 2345 933 2453 terrestria.

281 2553 283 2560 ’
303 2549 331 2615 1.
355 2547 452 2617 Jnra
474 2548 568 2631 ejas:
589 2547 711 2615 Datias
733 2554 767 2615 et
790 2546 1038 2634 praestationes
1059 2565 1123 2611 nr-

219 2662 364 2730 carinas
377 2682 399 2730 a
414 2662 556 2730 subditis
565 2661 827 2747 exigendivide
840 2661 917 2728 illas
933 2661 1121 2750 speciatim.

301 2775 430 2844 Contra
455 2776 670 2842 refractarios
694 2775 871 2860 subditos,
901 2774 1123 2862 manifestas,

217 2907 282 2957 nee
296 2895 537 2956 controversas
549 2891 796 2973 praestationes
811 2888 999 2956 arbariales
1013 2886 1125 2956 dene·

215 3009 355 3089 gentes,
377 3008 491 3087 potest
515 3001 649 3087 propria
675 3004 892 3088 anctoritate,
921 3004 1125 3070 etiamexe-
1154 2989 1159 2998 ’

218 3119 351 3184 cottone
379 3133 507 3200 agere3
536 3112 598 3180 sed
620 3116 705 3180 citra
734 3133 875 3203 poenam
901 3113 1123 3202 corporalem.

218 3232 266 3299 X.
290 3227 326 3318 S.
343 3232 375 3296 3.

302 3344 387 3410 item
410 3341 451 3408 ob
470 3359 688 3428 quascunque
702 3341 913 3409 nrbarialium
928 3342 1125 3430 praescrip-

218 3467 324 3525 torum
349 3456 655 3539 transgressiones.
680 3453 769 3524 vide
795 3453 948 3523 Damna.

302 3567 1127 3640 Sifundiscolonteniousrnna-autextravtltanis
