2452 4370
393 405 639 482 Contractus.
855 387 859 398 ’
928 409 975 486 31

62 536 976 567 ’ψῃ-ῃ..

67 593 267 661 ventionem
284 599 398 680 partes
420 597 571 664 inviahit.
596 599 638 668 Si
655 619 738 670 vero
756 603 976 676 contractum

66 707 320 794 approbaverit,
343 710 511 796 exemplar
526 731 626 779 unum
641 714 685 781 ad
699 717 884 785 Archivum
903 721 974 790 Co-

67 822 208 886 mitatus
241 827 451 912 reponetur,
494 824 561 890 alia
596 827 661 895 duo
699 832 974 902 contrahentibus

67 934 222 1019 partibus
242 934 426 1002 tradentur.
450 938 544 1004 VIII.
564 936 660 1028 5.-6.
861 1027 864 1032 ,

155 1035 360 1116 Contractus
385 1055 613 1139 temporanei,
631 1065 705 1143 'per
732 1053 888 1126 Sedriam
909 1080 972 1148 ap.

67 1157 200 1245 probati
228 1157 500 1246 illicoffvigorem
532 1169 739 1256 sortientur,
768 1174 971 1258 perennales

68 1290 152 1338 vero
178 1275 315 1360 praevie
334 1275 443 1345 adhuc
462 1275 610 1345 Consilio
631 1281 673 1346 lt.
689 1283 730 1347 L.
748 1286 971 1355 substernen-

68 1385 102 1453 di
126 1393 229 1474 sunt,
253 1387 350 1454 salvo
366 1392 446 1474 jure
466 1391 688 1477 inspectionis
710 1395 840 1480 Regiae
859 1397 971 1485 Maje-

69 1490 193 1566 statis
208 1503 308 1566 etiam
333 1494 442 1589 quoad
471 1507 707 1590 temporaneos
741 1511 800 1575 via
828 1507 970 1578 Consilii

67 1611 107 1679 R.
123 1613 168 1679 L.
191 1614 395 1680 exercendo.
418 1615 513 1681 VIII.
531 1612 567 1704 5.
591 1622 623 1683 2.
645 1625 680 1685 et
696 1623 728 1686 6.
829 1650 832 1656 ·
884 1707 886 1711 v

153 1725 211 1794 Ad
224 1725 969 1804 invalidationemContractuumurbnrinlium

66 1843 252 1907 suscitatae
276 1859 401 1906 causae
423 1843 459 1904 in
482 1841 650 1909 ordinaria
664 1848 753 1930 juris
776 1851 834 1914 vin·
852 1852 968 1937 appel·
1052 1938 1058 1947 „

66 1953 180 2020 lentur
194 1971 301 2038 usque
319 1951 363 2018 ad
372 1952 656 2058 Septemviratum
668 1957 966 2030 intraDominium.

37 2085 45 2096 ’
66 2069 112 2136 Χ.
129 2065 170 2160 5.
193 2073 226 2134 t.
248 2065 338 2134 Vide
358 2065 560 2154 Appellato.

150 2181 376 2267 contractus,
412 2183 449 2246 vi
482 2195 620 2266 quorum
648 2185 822 2252 sessiones
853 2189 889 2252 in
913 2190 968 2276 pi·
996 2213 1020 2223 ··
1051 2258 1052 2263 ,

64 2316 152 2382 gnus
166 2302 225 2363 aut
237 2298 272 2362 in
286 2293 509 2382 hypothecam
524 2294 763 2389 obligarentur,
778 2299 862 2366 nulli
874 2309 964 2369 sunt.

65 2412 123 2479 IV.
147 2409 184 2502 5.
210 2413 263 2478 11.
299 2452 301 2458 *
670 2476 675 2495 ,
767 2403 771 2410 ’

149 2525 356 2595 Contractus
384 2540 487 2609 super
508 2522 652 2590 emtione
674 2525 864 2592 sessionum
883 2528 966 2594 nulli

63 2657 230 2727 peraeque
239 2639 363 2726 sunt,si
373 2633 602 2722 protocollatio
612 2656 735 2725 eorum,
745 2638 966 2725 eulpaemen-

65 2755 142 2820 tinm
164 2753 414 2838 intermittatur.
438 2749 500 2814 IV.
523 2745 560 2838 5.
584 2751 616 2816 7.
639 2749 688 2818 lit.
711 2751 744 2819 b.

146 2866 353 2935 Contractus
390 2862 432 2930 de
463 2852 641 2930 reluitione
674 2883 786 2931 nonne
815 2871 849 2931 et
870 2865 992 2935 deci-·.

60 2997 133 3048 mne
153 2975 359 3068 pectendos,
384 2975 569 3043 Comitatus
595 2995 794 3082 promovere
811 2969 964 3063 obligan-

60 3099 123 3161 tur.
147 3091 227 3160 VII.
252 3087 288 3180 5.
312 3095 344 3156 2.
368 3087 541 3156 XXXIV.
643 3133 648 3140 ‚

146 3205 353 3274 Contractus
390 3201 731 3289 impopulationnles,
777 3201 961 3289 guerales',

61 3319 290 3403 scultetinles,
312 3314 604 3420 inscriptionales,
635 3308 693 3381 vel
716 3315 962 3426 quomodocunj

61 3456 124 3524 que
147 3435 233 3502 alias
258 3430 393 3512 vocati,
424 3429 498 3497 initi
522 3433 557 3494 et
580 3427 738 3514 ineundi,
762 3427 962 3512 regulationi
999 3505 1003 3510 ἑ

62 3560 269 3624 terrenorum
294 3544 430 3612 obstare
445 3546 626 3628 nequeunt.
650 3539 744 3606 Vlll.
767 3537 804 3628 5.
828 3544 859 3608 7.
