2488 4368
265 371 321 450 '⁹⁰
523 408 670 488 Κναεεὸ
696 409 925 486 Comitatus.

187 693 194 710 .
360 602 540 688 Quantitas
569 605 777 672 constitutivi
813 603 920 672 relate
954 601 997 700 nd
1027 601 1190 690 medias,

276 722 414 802 quartm
437 723 472 784 et
493 723 636 786 octavas
658 713 833 786 sessionels
849 723 963 784 manet
983 715 1072 783 sicut
1092 715 1191 783 huc-

273 847 390 915 usque.
406 829 459 895 V.
483 827 520 916 5.
543 834 575 897 6.

359 956 547 1026 Comitatus
578 957 633 1025 hic
662 959 827 1045 excipitur
854 927 875 1024 a
902 955 1011 1024 defixo
1032 905 1200 1050 maximo·

273 1071 477 1156 possessorii
498 1072 699 1140 sessionum.
722 1069 785 1140 lv.
808 1067 845 1158 5.
871 1073 921 1140 tn.
944 1069 994 1138 lit.
1018 1087 1048 1139 e.
1075 1143 1082 1166 ι
1153 1127 1155 1132 .
1202 1064 1212 1074 “

358 1197 496 1268 Cambia
525 1197 701 1266 fundorum
730 1203 804 1270 cum
832 1217 1003 1268 consensu
1031 1199 1188 1269 Dominii

272 1311 364 1381 licita
386 1320 476 1379 sunt.
500 1313 544 1380 V.
567 1309 605 1400 5.
629 1315 661 1380 7.
1188 1315 1207 1330 ““

357 1441 484 1510 Pascni
499 1439 678 1512 modernus
700 1460 783 1510 usus
799 1459 866 1508 non
887 1439 984 1510 modo
1006 1441 1114 1510 relate
1133 1445 1186 1512 ad

273 1553 459 1620 arbarialcs
480 1559 517 1622 et
538 1551 771 1640 beneficiales,
798 1571 916 1621 verum
938 1553 1103 1652 etiamad
1125 1558 1186 1624 in-

272 1663 453 1732 dustrialcs
475 1664 598 1732 fundos
620 1663 796 1732 stabilitur.
820 1663 881 1731 vl.
905 1661 942 1754 5.
964 1667 997 1735 3.

357 1793 572 1862 Glandinatio
595 1795 751 1881 competit
769 1791 910 1862 subditis
933 1795 1033 1864 etlam
1053 1798 1089 1864 in
1112 1817 1185 1868 ex-

271 1905 578 1974 traterritorialibus
600 1905 730 1993 sylvis,
753 1905 784 1972 si
804 1907 840 1972 in
862 1913 996 1976 terreno
1019 1907 1185 1978 Commu-

211 2103 214 2110 ,
271 2019 387 2086 nitatis
401 2017 511 2104 ‚sylva
531 2015 720 2102 glandifera
741 2037 809 2085 non
830 2015 948 2107 adest,
977 2040 1038 2108 pro
1060 2023 1183 2091 trime-

269 2123 333 2196 stri
355 2147 437 2216 erga
459 2137 572 2197 texam
592 2135 615 2199 6
637 2138 671 2200 et
691 2130 791 2198 dxlr.
815 2131 976 2200 onusto.
1000 2133 1060 2201 vl.
1082 2131 1119 2222 5.
1144 2143 1182 2205 4.

211 2341 212 2348 ¹
302 2287 306 2292 ·
358 2258 399 2330 Si
427 2278 509 2328 vero
537 2267 674 2349 propter
696 2268 875 2348 susceptos
902 2281 964 2350 per
985 2261 1182 2334 Dominiunn

270 2368 480 2461 peregrinae
499 2372 690 2464 sabellicus,
711 2373 868 2459 ¹glandes·
893 2381 973 2442 ante
1007 2377 1183 2447 trimestre

272 2485 477 2584 defecerint,
505 2504 697 2572 ⁴emergens
723 2484 802 2554 inde
834 2483 1000 2555 Damnum
1033 2480 1202 2560 subditis

45 2651 48 2658 .
137 2693 141 2700 Ι
271 2597 436 2694 Dominus
458 2597 708 2666 resarciendum
729 2596 873 2664 habebit
898 2597 959 2665 Vl.
981 2596 1019 2687 5.
1043 2607 1075 2668 4.

359 2727 668 2815 communitatibus,
692 2727 810 2814 qulbus
838 2746 941 2816 scopo
963 2731 1186 2802 exercendae

194 2907 197 2915 ,
272 2839 561 2940 arundinetionis,
597 2839 739 2927 piscatio
773 2841 873 2908 etlam
910 2859 1076 2911 concessa
1103 2853 1185 2935 est,

273 2973 371 3044 porro
393 2955 493 3022 etlam
514 2953 619 3020 libera
640 2958 762 3020 manet.
786 2953 847 3018 vi.
870 2950 908 3039 5.
931 2959 964 3022 8.
996 2955 998 2960 ’

357 3085 412 3152 Ab
438 3081 689 3150 indusnialibns
718 3082 831 3150 lundis
860 3083 934 3154 loco
962 3107 1071 3158 nonae
1098 3103 1187 3179 post

272 3199 440 3286 singulum
470 3203 628 3288 jugerum
659 3203 741 3268 taxa
773 3198 994 3272 industrialia
1029 3207 1072 3274 ³0
1108 3208 1184 3278 xsr.

272 3315 349 3381 vll.
373 3310 410 3401 5.
433 3318 466 3382 a.

356 3444 549 3516 Hortenses
567 3444 708 3534 fructus,
732 3448 847 3516 caules
869 3451 992 3520 etalio
1013 3450 1188 3541 producta

273 3567 444 3635 adecima
466 3585 564 3654 porro
587 3569 687 3634 etiam
711 3573 843 3632 exemto
865 3573 954 3630 sunt.
979 3567 1066 3635 Vlla
1081 3568 1119 3656 5.
1145 3576 1183 3640 a.
