2452 4370
284 408 333 482 42
535 427 727 500 Desertae
759 429 963 500 sessionee.

282 667 286 676 ·
370 622 549 694 Concurrit
569 621 613 689 ad
633 622 814 710 sopiendas
838 623 994 711 querelas
1017 621 1060 689 de
1073 621 1172 704 ligno-

284 741 374 806 tione
391 737 501 805 locali.
525 737 615 806 Vide
636 735 813 823 Lipnotr'o.

368 850 424 919 Ad
444 851 659 955 segregando
679 869 818 940 pascuo.
842 849 931 918 Vide
952 848 1137 946 Poooomor.

473 1019 717 1111 Desertae
747 1019 1037 1112 sessiones.'

368 1183 462 1252 Inter
491 1183 648 1254 desertas
672 1185 849 1252 sessiones
876 1184 955 1252 illae
975 1183 1078 1252 etiam
1097 1175 1182 1260 refe·¹

282 1305 419 1386 runtur,
444 1316 531 1386 quoe
564 1300 745 1366 occasione
780 1299 956 1372 amotionis
980 1293 1174 1366 ¹colonorum

283 1411 386 1481 vendi
407 1430 474 1480 non
495 1417 648 1498 possunt.
672 1412 734 1478 IV.
758 1409 794 1502 §.
814 1417 865 1480 14.

367 1525 548 1592 Desertam
585 1526 775 1592 sessionem
813 1525 978 1593 Dominus
1018 1515 1175 1590 terrestris

284 1658 364 1706 mox
384 1636 588 1726 impopulare
613 1644 758 1726 tenetur.
783 1637 825 1708 Si
846 1657 913 1706 non
934 1641 1055 1725 posset
1074 1629 1174 1701 ludex

284 1751 448 1818 Nobilium
474 1755 608 1820 tenetur
625 1751 782 1838 desuper,
807 1752 869 1817 sub
889 1751 1072 1818 amissione
1091 1739 1176 1812 ollioii

189 1901 196 1906 -
284 1871 320 1932 et
352 1860 534 1932 'refusionis
567 1863 689 1952 damni,
724 1866 896 1952 proximae
927 1853 1175 1948 congregationi

285 1977 352 2045 dne
377 1977 610 2065 publicationis
646 1976 787 2043 referre.
823 1975 1013 2046 Comitatus
1041 1966 1172 2041 veroin

86 2096 88 2100 ’
225 2136 227 2140 .
283 2107 406 2159 corrsas
440 2088 643 2157 desertionis
678 2091 901 2184 investigari,
935 2093 1068 2158 interea
1103 2097 1172 2150 vero

259 2249 261 2255 -
285 2203 564 2274 communitatem
600 2209 659 2269 out
698 2221 938 2292 quemcunque
961 2204 1007 2276 od
1028 2201 1173 2272 culturum

287 2318 478 2404 permoveri
500 2317 639 2386 curabit.
662 2315 724 2384 IV.
748 2313 785 2406 §.
803 2321 855 2385 14.
957 2367 960 2375 2

371 2430 412 2502 Si
435 2433 564 2517 sessio,
586 2433 621 2496 in
638 2437 736 2518 porte
753 2430 962 2506 inusnobilis„
972 2417 1104 2500 reddita
1120 2425 1173 2488 im·

284 2545 437 2634 populari
469 2546 605 2632 nequit,
643 2544 752 2614 relato
777 2543 821 2616 ud
851 2547 1100 2640 praestationes
1122 2534 1173 2602 do-

286 2657 458 2728 volvenda
480 2664 543 2725 est.
570 2658 620 2726 Io.
751 2691 754 2695 ·
1091 2729 1095 2738 p

349 2771 414 2843 -Si
434 2771 582 2840 totaliter
604 2770 801 2839 inusuobilis
818 2777 890 2858 est,
914 2789 934 2838 e
956 2785 1093 2838 numero
1109 2777 1174 2828 ses-

288 2891 420 2957 sionum
447 2882 693 2972 expungendo,
730 2891 765 2953 et
795 2881 960 2970 desuper,
989 2903 1029 2952 re
1057 2884 1175 2959 integre

285 3007 449 3088 servato,
471 2998 515 3066 ad
538 2983 842 3067 Consiliumihotle
870 2995 1092 3070 referendum·
1122 2981 1174 3055 IV·
1205 3059 1207 3064 .

285 3113 398 3206 §.n
838 3197 840 3206 ,

371 3228 413 3298 Si
433 3226 474 3295 ob
496 3225 674 3294 saevitiem
702 3223 837 3294 Domini
861 3223 999 3291 deserta
1018 3227 1090 3307 est,
1110 3213 1175 3283 no·

287 3346 398 3421 minus
412 3359 543 3430 poenae
557 3340 714 3408 saevinei
725 3339 896 3408 obnoxius
913 3339 986 3404 erit.
1001 3337 1062 3405 IV.
1079 3330 1114 3422 S·
1130 3329 1174 3394 14

298 3443 306 3457 ⁶
370 3455 556 3525 Sessiones
593 3452 750 3522 desertae
788 3455 823 3520 in
862 3471 968 3520 sensu
1000 3454 1051 3518 ts.
1087 3440 1173 3513 1723·

287 3592 351 3659 illm
367 3590 474 3658 ocyus
494 3567 762 3658 impopulandae,
777 3575 811 3638 ot
829 3570 859 3634 si
873 3583 941 3636 non
956 3561 1124 3644 succedat,
1137 3548 1174 3620 od
1208 3607 1209 3620 ,
