2488 4368
250 377 300 456 96
583 383 820 460 Labores.

344 575 378 646 D
400 577 578 646 remotiore
604 575 679 644 loeo
707 581 851 643 vocatus
879 573 1028 642 onlonus
1052 578 1161 642 nonti-

253 691 333 760 nnis
353 695 376 758 4
397 689 532 778 diebus,
565 705 634 756 una
660 707 735 756 enm
763 689 812 754 itu
833 693 868 756 et
888 685 1026 774 reditu,
1055 688 1089 752 in
1111 688 1163 754 ia·

254 806 337 874 bore
358 802 501 872 detineri
528 809 659 892 potest,
689 802 830 890 praevio
852 799 984 870 ideireo
1007 819 1163 889 praeme-

212 907 216 918 ’
253 917 410 1003 nondus3
441 915 504 984 sed
525 915 662 984 labores
683 914 771 984 odes
791 916 827 980 in
848 933 915 982 nno
939 933 1066 982 mense
1088 921 1164 982 tan·

254 1037 325 1100 tum
353 1027 480 1116 semel,
511 1034 546 1096 et
576 1029 757 1096 occasione
784 1027 993 1094 ferventium
1014 1027 1162 1096 laborum

253 1146 304 1211 bis
327 1144 362 1210 in
384 1159 502 1210 mense
533 1139 720 1208 desiderari
740 1146 904 1228 possunt3
934 1141 1011 1228 itu,
1041 1147 1080 1208 nt
1100 1159 1163 1208 nna

146 1249 160 1264 '
251 1260 438 1348 septimana
466 1274 600 1344 semper
625 1253 751 1343 libera,
768 1255 876 1322 altera
901 1255 1017 1324 labori
1038 1257 1163 1343 impen-

256 1371 370 1442 denda
391 1373 447 1438 sit.
471 1369 544 1454 Quo
557 1372 592 1436 in
610 1388 692 1436 oasu
706 1368 871 1436 Dominus
887 1385 1020 1456 peoora
1042 1385 1162 1472 pascuo

255 1495 314 1556 aut
335 1488 370 1554 in
392 1483 645 1572 hyemepahnlo
659 1489 694 1550 et
709 1485 906 1550 necessaria
928 1480 1163 1550 commoditate

257 1595 458 1690 providebit.
482 1595 560 1664 vn.
584 1591 620 1685 5.
643 1600 676 1664 5.

343 1731 503 1798 Jumenta
530 1727 721 1795 colonorum
749 1728 784 1793 in
816 1726 932 1794 labore
962 1725 1009 1794 ad
1039 1741 1162 1810 ungen-

261 1845 338 1913 dum
360 1847 532 1927 enectum,
555 1841 674 1929 partiri
696 1858 764 1907 non
787 1839 877 1908 lieet.
902 1841 984 1908 vll.
1011 1837 1049 1930 5.
1072 1843 1104 1906 5.

344 1976 416 2041 Nee
431 1971 665 2040 aversionoles
679 1970 811 2038 labores
826 1973 979 2056 exigere.
998 1970 1078 2038 VII.
1089 1965 1161 2058 55.

346 2103 387 2171 Si
421 2097 573 2168 subditus
609 2073 655 2167 ad
686 2100 833 2168 laborem
862 2095 937 2169 ¹non
976 2103 1161 2188 comparet,

262 2219 425 2286 Dominus
453 2212 621 2282 eondueat
650 2214 749 2280 alium
778 2214 1005 2286 laboratorem
1033 2213 1077 2282 ad
1105 2231 1163 2280 ex-

262 2349 390 2419 pensas
412 2329 553 2414 morosi,
576 2329 632 2416 qui
652 2335 830 2415 praeterea
852 2331 954 2396 etiam
971 2328 1162 2425 ⁴neglectum

262 2445 410 2536 laborem
432 2439 589 2529 supplere
611 2448 757 2509 tenetur.
780 2442 858 2510 vll.
887 2439 924 2531 5.
947 2447 982 2512 5.
1072 2495 1075 2504 .

241 2571 243 2578 ’
348 2575 431 2643 Post
452 2575 605 2641 iteratam
627 2575 844 2642 renitentium
874 2572 1087 2646 mmovendus
1103 2572 1161 2636 est·

264 2687 342 2756 VII.
367 2683 403 2776 5.
427 2689 459 2753 5.
484 2684 572 2753 vioe
592 2684 741 2754 Amantio.

349 2817 390 2885 In
412 2818 639 2883 venationem.
663 2814 767 2884 Vide.
782 2814 940 2886 Venutio.

352 2948 524 3032 Artistae,
553 2945 709 3033 opitioes,
731 2953 942 3036 quaestores,
963 2951 1162 3016 mercatores

267 3067 412 3151 possunt
438 3057 572 3126 labores
602 3056 766 3126 redimere
782 3063 883 3146 juxta
911 3060 1164 3130 conventionem

269 3196 344 3246 eum
364 3175 520 3244 Domino.
544 3172 621 3240 VII.
644 3170 681 3261 5.
704 3177 737 3243 o.

136 3401 143 3410 „
354 3317 681 3405 supererogationes
701 3314 850 3385 laborum
871 3323 951 3384 sunt
971 3309 1160 3404 prohibitae·

270 3431 311 3500 Si
332 3429 495 3512 Dominus
518 3427 607 3495 nima
628 3431 882 3516 competentiam
907 3427 1053 3515 indiget,
1084 3437 1162 3490 oon·

271 3547 388 3612 veniat
411 3561 484 3610 oum
507 3537 660 3608 subditis.
685 3542 761 3629 vll,
785 3539 821 3631 5.
847 3546 897 3609 11.
