2452 4370
292 409 478 482 Dominus
498 417 709 485 terrestris·
909 401 960 476 47

51 541 187 554 ιιι-ιιι..-

57 599 197 688 indiget,
215 605 328 686 potest
344 598 431 685 ilios,
441 618 523 684 erga
539 597 958 688 perfectumcequivniens

58 723 90 782 ct
113 715 177 803 pro
201 713 489 801 superaedificatis
519 733 560 782 cc
577 713 861 782 meliorationibus
882 713 958 800 pie-

58 849 129 896 ncrn
150 827 480 913 indemnisetionem,
494 830 551 896 vie
560 827 955 906 urbnricliexeembiere.

58 944 97 1009 V.
120 941 157 1034 S.
176 947 209 1010 7.

100 1067 218 1134 *Huc
245 1072 378 1154 spectet
406 1085 508 1134 cesus
542 1065 694 1154 erigendi
720 1036 955 1137 educillifVl.

84 1185 144 1249 .2.
363 1205 367 1210 ·

59 1179 81 1269 s
135 1293 186 1362 Et
233 1296 455 1398 necessaricc
505 1293 801 1364 cbnestimaticnis.
868 1299 957 1366 Vide

62 1410 320 1478 Abaectirnntio.
349 1407 496 1476 Dicrcz'o.

138 1523 217 1594 Sed
240 1521 429 1590 excluditur
450 1523 486 1588 in
506 1523 642 1590 casibus
667 1521 895 1591 venditionum
917 1527 959 1596 cb

64 1636 405 1706 erutionesessionum
421 1640 455 1702 et
464 1638 754 1704 constitutivorum
769 1637 959 1706 colonorum

65 1757 93 1820 ct
111 1749 359 1838 inquilinorum.
382 1747 444 1815 lv.
468 1746 505 1837 S.
521 1753 553 1816 6.
585 1807 587 1811 ,

138 1873 402 1960 Exstirpcturcs
424 1873 558 1959 quondo
577 1880 613 1941 et
633 1874 794 1962 quomodo
813 1875 959 1946 adimere

65 1996 116 2056 rut
132 1989 269 2058 reluere
280 1988 400 2074 possit.
423 1985 513 2053 Vide
534 1984 830 2075 ncsnnpaturce.
1042 1981 1047 1988 ’

140 2119 217 2207 Quo
235 2119 270 2185 in
297 2137 387 2185 casn
406 2119 665 2188 remanentioles
695 2127 805 2209 terres
833 2141 894 2210 pro
917 2143 955 2192 se

68 2223 253 2320 occupare?
276 2231 364 2300 Vide
385 2232 582 2320 decolatio.

143 2356 309 2429 Succedit
348 2356 515 2428 deficienti
550 2360 593 2446 ab
623 2361 783 2428 intestato
815 2361 959 2488 subdito

69 2471 123 2540 IX.
145 2470 184 2563 5.
204 2474 236 2540 9.
258 2470 347 2538 Vide
363 2465 592 2564 Defectus

143 2599 186 2666 ln
213 2595 348 2668 casibus
375 2597 654 2684 expropriationis
688 2559 878 2666 tenuiorum
903 2617 963 2664 nr-

70 2712 234 2782 bariclium
256 2730 316 2799 pro
339 2709 531 2797 cunalibus,
557 2711 710 2779 ductibus
731 2712 863 2798 ferreis,
876 2731 963 2800 pon-

69 2827 168 2918 tibus,
191 2845 253 2914 pro
276 2826 410 2892 emissis
435 2823 535 2891 datiis
549 2825 771 2896 urbarialibus
786 2825 887 2912 plene
908 2827 963 2890 in-

72 2939 247 3010 demnisari
270 2937 380 3006 debet.
404 2935 523 3004 XXV.
549 2935 585 3031 §
601 2943 634 3006 6.

146 3069 266 3136 Potest
282 3065 551 3150 segregationem
575 3066 694 3151 pascui
719 3064 893 3132 dominalis
922 3041 963 3131 ab

73 3181 221 3249 nrbariali
240 3185 368 3270 petere.
391 3177 453 3244 VI.
477 3173 513 3266 §-
529 3180 560 3248 3.
586 3177 712 3246 Confer
730 3176 919 3248 Pneommr.

151 3309 205 3376 lte
225 3309 325 3374 etiam
346 3290 589 3390 regulationem
605 3305 732 3370 terreni
755 3303 964 3370 urbcrielenr.

73 3397 370 3508 vrrcneyurano.
647 3421 649 3426 ·
1040 3405 1042 3409 ·

152 3547 269 3616 Potest
290 3537 452 3633 impedire
467 3551 664 3612 extraneum
685 3559 705 3608 e
719 3543 823 3628 justis
841 3544 966 3628 censis,
