<?xml version="1.0" encoding="UTF-8"?>
<!DOCTYPE html PUBLIC "-//W3C//DTD XHTML 1.0 Transitional//EN"
    "http://www.w3.org/TR/xhtml1/DTD/xhtml1-transitional.dtd">
<html xmlns="http://www.w3.org/1999/xhtml" xml:lang="en" lang="en">
 <head>
  <title>
</title>
<meta http-equiv="Content-Type" content="text/html;charset=utf-8" />
  <meta name='ocr-system' content='tesseract 3.04.00' />
  <meta name='ocr-capabilities' content='ocr_page ocr_carea ocr_par ocr_line ocrx_word'/>
</head>
<body>
  <div class='ocr_page' id='page_1' title='image "./manualelegumurb00csapgoog_0146.png"; bbox 0 0 2488 4368; ppageno 0'>
   <div class='ocr_carea' id='block_1_1' title="bbox 430 367 1069 472">
    <p class='ocr_par' dir='ltr' id='par_1_1' title="bbox 430 367 1069 472">
     <span class='ocr_line' id='line_1_1' title="bbox 430 367 1069 472; baseline -0.006 -1"><span class='ocrx_word' id='word_1_1' title='bbox 430 393 619 472; x_wconf 67' lang='lat' dir='ltr'><strong>Noae-a.</strong></span> <span class='ocrx_word' id='word_1_2' title='bbox 700 435 703 450; x_wconf 91' lang='lat'><em>·</em></span> <span class='ocrx_word' id='word_1_3' title='bbox 800 367 811 436; x_wconf 50' lang='lat' dir='ltr'>s</span> <span class='ocrx_word' id='word_1_4' title='bbox 904 389 975 468; x_wconf 90' lang='grc'><strong>111</strong></span> <span class='ocrx_word' id='word_1_5' title='bbox 1064 386 1069 404; x_wconf 80' lang='lat'>&#39;</span> 
     </span>
    </p>
   </div>
   <div class='ocr_carea' id='block_1_2' title="bbox 17 549 976 684">
    <p class='ocr_par' dir='ltr' id='par_1_2' title="bbox 17 549 976 684">
     <span class='ocr_line' id='line_1_2' title="bbox 17 549 976 684; baseline 0.018 -39"><span class='ocrx_word' id='word_1_6' title='bbox 17 672 18 684; x_wconf 9' lang='grc' dir='ltr'>ἵ</span> <span class='ocrx_word' id='word_1_7' title='bbox 79 584 155 648; x_wconf 87' lang='lat' dir='ltr'><strong>ctus</strong></span> <span class='ocrx_word' id='word_1_8' title='bbox 179 549 359 657; x_wconf 85' lang='lat' dir='ltr'><strong>hortenscs</strong></span> <span class='ocrx_word' id='word_1_9' title='bbox 386 586 501 672; x_wconf 81' lang='lat' dir='ltr'><strong>caules</strong></span> <span class='ocrx_word' id='word_1_10' title='bbox 529 587 653 656; x_wconf 84' lang='lat' dir='ltr'><strong>etalio</strong></span> <span class='ocrx_word' id='word_1_11' title='bbox 677 588 859 679; x_wconf 82' lang='lat' dir='ltr'><strong>producta,</strong></span> <span class='ocrx_word' id='word_1_12' title='bbox 888 610 976 681; x_wconf 88' lang='lat' dir='ltr'><strong>quoe</strong></span> 
     </span>
    </p>
   </div>
   <div class='ocr_carea' id='block_1_3' title="bbox 77 691 975 904">
    <p class='ocr_par' dir='ltr' id='par_1_3' title="bbox 77 691 975 904">
     <span class='ocr_line' id='line_1_3' title="bbox 77 691 975 793; baseline 0.019 -32"><span class='ocrx_word' id='word_1_13' title='bbox 77 691 218 764; x_wconf 89' lang='lat' dir='ltr'><strong>hucdum</strong></span> <span class='ocrx_word' id='word_1_14' title='bbox 239 718 260 767; x_wconf 89' lang='lat' dir='ltr'><strong>a</strong></span> <span class='ocrx_word' id='word_1_15' title='bbox 288 700 417 770; x_wconf 88' lang='lat' dir='ltr'><strong>decima</strong></span> <span class='ocrx_word' id='word_1_16' title='bbox 437 707 572 772; x_wconf 84' lang='lat' dir='ltr'><strong>exemto</strong></span> <span class='ocrx_word' id='word_1_17' title='bbox 591 711 708 793; x_wconf 79' lang='lat' dir='ltr'><strong>erant,</strong></span> <span class='ocrx_word' id='word_1_18' title='bbox 737 723 836 793; x_wconf 86' lang='lat' dir='ltr'><strong>porro</strong></span> <span class='ocrx_word' id='word_1_19' title='bbox 857 705 975 778; x_wconf 86' lang='lat' dir='ltr'><strong>mana·</strong></span> 
     </span>
     <span class='ocr_line' id='line_1_4' title="bbox 78 809 386 904; baseline 0.016 -26"><span class='ocrx_word' id='word_1_20' title='bbox 78 809 168 879; x_wconf 84' lang='lat' dir='ltr'><strong>bunt</strong></span> <span class='ocrx_word' id='word_1_21' title='bbox 190 812 269 882; x_wconf 83' lang='lat' dir='ltr'><strong>VH.</strong></span> <span class='ocrx_word' id='word_1_22' title='bbox 292 813 330 904; x_wconf 74' lang='lat' dir='ltr'><strong>s.</strong></span> <span class='ocrx_word' id='word_1_23' title='bbox 351 821 386 892; x_wconf 70' lang='lat'><strong>2.</strong></span> 
     </span>
    </p>
   </div>
   <div class='ocr_carea' id='block_1_4' title="bbox 13 956 1045 2048">
    <p class='ocr_par' dir='ltr' id='par_1_4' title="bbox 157 956 972 1050">
     <span class='ocr_line' id='line_1_5' title="bbox 157 956 972 1050; baseline 0.002 -22"><span class='ocrx_word' id='word_1_24' title='bbox 157 956 309 1028; x_wconf 73' lang='lat' dir='ltr'><strong>Heluidio</strong></span> <span class='ocrx_word' id='word_1_25' title='bbox 335 963 453 1042; x_wconf 58' lang='lat' dir='ltr'><strong>:nonae</strong></span> <span class='ocrx_word' id='word_1_26' title='bbox 489 980 553 1050; x_wconf 87' lang='lat' dir='ltr'><strong>ope</strong></span> <span class='ocrx_word' id='word_1_27' title='bbox 582 961 708 1030; x_wconf 79' lang='lat' dir='ltr'><strong>liberae</strong></span> <span class='ocrx_word' id='word_1_28' title='bbox 737 964 972 1036; x_wconf 83' lang='lat' dir='ltr'><strong>conventionis</strong></span> 
     </span>
    </p>

    <p class='ocr_par' dir='ltr' id='par_1_5' title="bbox 72 1071 971 1166">
     <span class='ocr_line' id='line_1_6' title="bbox 72 1071 971 1166; baseline 0.012 -29"><span class='ocrx_word' id='word_1_29' title='bbox 72 1071 107 1137; x_wconf 88' lang='lat' dir='ltr'><strong>in</strong></span> <span class='ocrx_word' id='word_1_30' title='bbox 128 1073 279 1158; x_wconf 81' lang='lat' dir='ltr'><strong>singulos</strong></span> <span class='ocrx_word' id='word_1_31' title='bbox 300 1083 360 1144; x_wconf 87' lang='lat' dir='ltr'><strong>out</strong></span> <span class='ocrx_word' id='word_1_32' title='bbox 378 1077 495 1166; x_wconf 86' lang='lat' dir='ltr'><strong>plures</strong></span> <span class='ocrx_word' id='word_1_33' title='bbox 516 1076 971 1157; x_wconf 37' lang='lat' dir='ltr'><strong>annosfhcbetlocum.‘1⁴it</strong></span> 
     </span>
    </p>

    <p class='ocr_par' dir='ltr' id='par_1_6' title="bbox 15 1171 972 1280">
     <span class='ocr_line' id='line_1_7' title="bbox 73 1187 972 1280; baseline 0.006 -24.636"><span class='ocrx_word' id='word_1_34' title='bbox 73 1187 202 1276; x_wconf 83' lang='lat' dir='ltr'><strong>quidem</strong></span> <span class='ocrx_word' id='word_1_35' title='bbox 221 1196 335 1278; x_wconf 83' lang='lat' dir='ltr'><strong>potest</strong></span> <span class='ocrx_word' id='word_1_36' title='bbox 354 1193 486 1278; x_wconf 82' lang='lat' dir='ltr'><strong>pactari</strong></span> <span class='ocrx_word' id='word_1_37' title='bbox 506 1211 569 1259; x_wconf 90' lang='lat' dir='ltr'><strong>scu</strong></span> <span class='ocrx_word' id='word_1_38' title='bbox 589 1193 625 1258; x_wconf 87' lang='lat' dir='ltr'><strong>in</strong></span> <span class='ocrx_word' id='word_1_39' title='bbox 646 1195 752 1278; x_wconf 80' lang='lat' dir='ltr'><strong>grano</strong></span> <span class='ocrx_word' id='word_1_40' title='bbox 778 1211 881 1280; x_wconf 85' lang='lat' dir='ltr'><strong>puro,</strong></span> <span class='ocrx_word' id='word_1_41' title='bbox 908 1211 972 1261; x_wconf 89' lang='lat' dir='ltr'><strong>seu</strong></span> 
     </span>
    </p>

    <p class='ocr_par' dir='ltr' id='par_1_7' title="bbox 15 1302 971 1736">
     <span class='ocr_line' id='line_1_8' title="bbox 15 1302 971 1396; baseline 0.005 -28"><span class='ocrx_word' id='word_1_42' title='bbox 15 1323 16 1352; x_wconf 68' lang='lat'><em>³</em></span> <span class='ocrx_word' id='word_1_43' title='bbox 69 1302 107 1368; x_wconf 90' lang='lat' dir='ltr'><strong>in&#39;</strong></span> <span class='ocrx_word' id='word_1_44' title='bbox 123 1321 229 1389; x_wconf 82' lang='lat' dir='ltr'><strong>grano</strong></span> <span class='ocrx_word' id='word_1_45' title='bbox 256 1311 295 1373; x_wconf 89' lang='lat' dir='ltr'><strong>et</strong></span> <span class='ocrx_word' id='word_1_46' title='bbox 315 1307 496 1396; x_wconf 71' lang='lat' dir='ltr'><strong>stramine,</strong></span> <span class='ocrx_word' id='word_1_47' title='bbox 526 1303 673 1372; x_wconf 85' lang='lat' dir='ltr'><strong>vel-olio</strong></span> <span class='ocrx_word' id='word_1_48' title='bbox 694 1323 891 1392; x_wconf 80' lang='lat' dir='ltr'><strong>quacunque</strong></span> <span class='ocrx_word' id='word_1_49' title='bbox 911 1324 971 1374; x_wconf 77' lang='lat' dir='ltr'><strong>ra—</strong></span> 
     </span>
     <span class='ocr_line' id='line_1_9' title="bbox 71 1416 969 1506; baseline 0.003 -23"><span class='ocrx_word' id='word_1_50' title='bbox 71 1416 175 1501; x_wconf 82' lang='lat' dir='ltr'><strong>tionc3</strong></span> <span class='ocrx_word' id='word_1_51' title='bbox 197 1425 343 1506; x_wconf 86' lang='lat' dir='ltr'><strong>excepta</strong></span> <span class='ocrx_word' id='word_1_52' title='bbox 363 1417 450 1506; x_wconf 86' lang='lat' dir='ltr'><strong>solo,</strong></span> <span class='ocrx_word' id='word_1_53' title='bbox 478 1424 653 1506; x_wconf 83' lang='lat' dir='ltr'><strong>terrarum,</strong></span> <span class='ocrx_word' id='word_1_54' title='bbox 682 1421 813 1505; x_wconf 77' lang='lat' dir='ltr'><strong>purtem</strong></span> <span class='ocrx_word' id='word_1_55' title='bbox 839 1421 969 1488; x_wconf 88' lang='lat' dir='ltr'><strong>consti-</strong></span> 
     </span>
     <span class='ocr_line' id='line_1_10' title="bbox 69 1531 967 1600; baseline 0.001 -3"><span class='ocrx_word' id='word_1_56' title='bbox 69 1531 165 1599; x_wconf 91' lang='lat' dir='ltr'><strong>tutivi</strong></span> <span class='ocrx_word' id='word_1_57' title='bbox 185 1532 385 1600; x_wconf 86' lang='lat' dir='ltr'><strong>sessionaiis</strong></span> <span class='ocrx_word' id='word_1_58' title='bbox 413 1532 627 1600; x_wconf 84' lang='lat' dir='ltr'><strong>efficientium</strong></span> <span class='ocrx_word' id='word_1_59' title='bbox 653 1531 882 1600; x_wconf 84' lang='lat' dir='ltr'><strong>excisionein</strong></span> <span class='ocrx_word' id='word_1_60' title='bbox 903 1547 967 1598; x_wconf 84' lang='lat' dir='ltr'><strong>na·</strong></span> 
     </span>
     <span class='ocr_line' id='line_1_11' title="bbox 68 1643 369 1736; baseline 0.003 -22"><span class='ocrx_word' id='word_1_61' title='bbox 68 1650 151 1714; x_wconf 81' lang='lat' dir='ltr'><strong>tura</strong></span> <span class='ocrx_word' id='word_1_62' title='bbox 173 1645 253 1722; x_wconf 72' lang='lat' dir='ltr'><strong>Vll·</strong></span> <span class='ocrx_word' id='word_1_63' title='bbox 275 1643 313 1736; x_wconf 75' lang='lat'><strong>§-</strong></span> <span class='ocrx_word' id='word_1_64' title='bbox 336 1653 369 1716; x_wconf 79' lang='lat'><strong>2.</strong></span> 
     </span>
    </p>

    <p class='ocr_par' dir='ltr' id='par_1_8' title="bbox 13 1776 1045 1978">
     <span class='ocr_line' id='line_1_12' title="bbox 13 1776 1045 1902; baseline 0 -56"><span class='ocrx_word' id='word_1_65' title='bbox 13 1846 16 1902; x_wconf 34' lang='grc' dir='ltr'><em>Ῥ</em></span> <span class='ocrx_word' id='word_1_66' title='bbox 64 1777 66 1787; x_wconf 82' lang='grc'>’</span> <span class='ocrx_word' id='word_1_67' title='bbox 150 1776 369 1848; x_wconf 77' lang='lat' dir='ltr'><strong>eomitatibus</strong></span> <span class='ocrx_word' id='word_1_68' title='bbox 402 1781 562 1851; x_wconf 81' lang='lat' dir='ltr'><strong>incumbit</strong></span> <span class='ocrx_word' id='word_1_69' title='bbox 598 1779 842 1850; x_wconf 77' lang='lat' dir='ltr'><strong>conventiones</strong></span> <span class='ocrx_word' id='word_1_70' title='bbox 878 1778 964 1848; x_wconf 82' lang='lat' dir='ltr'><strong>tales</strong></span> <span class='ocrx_word' id='word_1_71' title='bbox 1042 1801 1045 1808; x_wconf 60' lang='lat'><em>¹</em></span> 
     </span>
     <span class='ocr_line' id='line_1_13' title="bbox 66 1894 399 1978; baseline 0.017 -19"><span class='ocrx_word' id='word_1_72' title='bbox 66 1905 272 1978; x_wconf 82' lang='lat' dir='ltr'><strong>promovere.</strong></span> <span class='ocrx_word' id='word_1_73' title='bbox 293 1894 399 1966; x_wconf 88' lang='lat' dir='ltr'><strong>lbid.</strong></span> 
     </span>
    </p>

    <p class='ocr_par' dir='ltr' id='par_1_9' title="bbox 13 1999 15 2048">
     <span class='ocr_line' id='line_1_14' title="bbox 13 1999 15 2048; baseline 0 0"><span class='ocrx_word' id='word_1_74' title='bbox 13 1999 15 2048; x_wconf 76' lang='grc' dir='ltr'>ι</span> 
     </span>
    </p>
   </div>
   <div class='ocr_carea' id='block_1_5' title="bbox 12 2023 1086 3082">
    <p class='ocr_par' dir='ltr' id='par_1_10' title="bbox 13 2023 1086 2241">
     <span class='ocr_line' id='line_1_15' title="bbox 13 2023 1086 2126; baseline -0.005 -20"><span class='ocrx_word' id='word_1_75' title='bbox 13 2051 15 2106; x_wconf 77' lang='lat' dir='ltr'><strong>i</strong></span> <span class='ocrx_word' id='word_1_76' title='bbox 149 2035 272 2126; x_wconf 82' lang='lat' dir='ltr'><strong>Debet,</strong></span> <span class='ocrx_word' id='word_1_77' title='bbox 291 2040 470 2106; x_wconf 80' lang='lat' dir='ltr'><strong>terminato</strong></span> <span class='ocrx_word' id='word_1_78' title='bbox 496 2057 557 2104; x_wconf 89' lang='lat' dir='ltr'><strong>seu</strong></span> <span class='ocrx_word' id='word_1_79' title='bbox 572 2037 613 2104; x_wconf 83' lang='lat' dir='ltr'><strong>i&#39;n</strong></span> <span class='ocrx_word' id='word_1_80' title='bbox 640 2043 711 2106; x_wconf 91' lang='lat' dir='ltr'><strong>toto</strong></span> <span class='ocrx_word' id='word_1_81' title='bbox 732 2043 879 2125; x_wconf 83' lang='lat' dir='ltr'><strong>terreno,</strong></span> <span class='ocrx_word' id='word_1_82' title='bbox 895 2039 962 2102; x_wconf 84' lang='lat' dir='ltr'><strong>seu</strong></span> <span class='ocrx_word' id='word_1_83' title='bbox 992 2066 995 2072; x_wconf 71' lang='lat'>=</span> <span class='ocrx_word' id='word_1_84' title='bbox 1081 2023 1086 2030; x_wconf 73' lang='grc'>’</span> 
     </span>
     <span class='ocr_line' id='line_1_16' title="bbox 63 2132 962 2258; baseline 0.003 -45"><span class='ocrx_word' id='word_1_85' title='bbox 63 2147 95 2214; x_wconf 94' lang='lat' dir='ltr'><strong>in</strong></span> <span class='ocrx_word' id='word_1_86' title='bbox 119 2158 223 2219; x_wconf 88' lang='lat' dir='ltr'><strong>certa</strong></span> <span class='ocrx_word' id='word_1_87' title='bbox 231 2151 331 2237; x_wconf 80' lang='lat' dir='ltr'><strong>hujus</strong></span> <span class='ocrx_word' id='word_1_88' title='bbox 351 2152 470 2258; x_wconf 76' lang='lat' dir='ltr'><strong>plaga,</strong></span> <span class='ocrx_word' id='word_1_89' title='bbox 499 2169 630 2236; x_wconf 82' lang='lat' dir='ltr'><strong>messe,</strong></span> <span class='ocrx_word' id='word_1_90' title='bbox 659 2158 738 2239; x_wconf 87' lang='lat' dir='ltr'><strong>post</strong></span> <span class='ocrx_word' id='word_1_91' title='bbox 762 2132 962 2219; x_wconf 75' lang='lat' dir='ltr'><strong>insinuatio·</strong></span> 
     </span>
    </p>

    <p class='ocr_par' dir='ltr' id='par_1_11' title="bbox 12 2266 1025 2356">
     <span class='ocr_line' id='line_1_17' title="bbox 12 2266 1025 2356; baseline -0.002 -22"><span class='ocrx_word' id='word_1_92' title='bbox 12 2321 13 2334; x_wconf 70' lang='grc'>,</span> <span class='ocrx_word' id='word_1_93' title='bbox 61 2281 135 2332; x_wconf 88' lang='lat' dir='ltr'><strong>nem</strong></span> <span class='ocrx_word' id='word_1_94' title='bbox 154 2287 217 2356; x_wconf 88' lang='lat' dir='ltr'><strong>per</strong></span> <span class='ocrx_word' id='word_1_95' title='bbox 243 2269 407 2356; x_wconf 87' lang='lat' dir='ltr'><strong>primores</strong></span> <span class='ocrx_word' id='word_1_96' title='bbox 433 2267 500 2334; x_wconf 90' lang='lat' dir='ltr'><strong>loci</strong></span> <span class='ocrx_word' id='word_1_97' title='bbox 520 2266 691 2334; x_wconf 86' lang='lat' dir='ltr'><strong>Dominio</strong></span> <span class='ocrx_word' id='word_1_98' title='bbox 700 2267 859 2354; x_wconf 71' lang='lat' dir='ltr'><strong>famam,</strong></span> <span class='ocrx_word' id='word_1_99' title='bbox 871 2267 963 2333; x_wconf 86' lang='lat' dir='ltr'><strong>intro</strong></span> <span class='ocrx_word' id='word_1_100' title='bbox 1021 2293 1025 2304; x_wconf 94' lang='lat'>·</span> 
     </span>
    </p>

    <p class='ocr_par' dir='ltr' id='par_1_12' title="bbox 12 2377 960 2467">
     <span class='ocr_line' id='line_1_18' title="bbox 12 2377 960 2467; baseline 0 -21"><span class='ocrx_word' id='word_1_101' title='bbox 12 2405 13 2410; x_wconf 42' lang='lat'>¹</span> <span class='ocrx_word' id='word_1_102' title='bbox 59 2377 204 2448; x_wconf 82' lang='lat' dir='ltr'><strong>biduum</strong></span> <span class='ocrx_word' id='word_1_103' title='bbox 220 2377 569 2467; x_wconf 63' lang='lat' dir='ltr'><strong>(festis-exclusis)</strong></span> <span class='ocrx_word' id='word_1_104' title='bbox 569 2399 591 2448; x_wconf 92' lang='lat' dir='ltr'><strong>a</strong></span> <span class='ocrx_word' id='word_1_105' title='bbox 618 2380 696 2448; x_wconf 85' lang='lat' dir='ltr'><strong>dato</strong></span> <span class='ocrx_word' id='word_1_106' title='bbox 722 2379 960 2448; x_wconf 78' lang='lat' dir='ltr'><strong>insinuationis</strong></span> 
     </span>
    </p>

    <p class='ocr_par' dir='ltr' id='par_1_13' title="bbox 12 2487 957 2680">
     <span class='ocr_line' id='line_1_19' title="bbox 12 2487 957 2624; baseline 0.004 -67"><span class='ocrx_word' id='word_1_107' title='bbox 12 2547 14 2624; x_wconf 66' lang='lat' dir='ltr'><strong>i</strong></span> <span class='ocrx_word' id='word_1_108' title='bbox 58 2489 187 2563; x_wconf 84' lang='lat' dir='ltr'><strong>desumi</strong></span> <span class='ocrx_word' id='word_1_109' title='bbox 194 2517 209 2583; x_wconf 82' lang='lat'><strong>3·</strong></span> <span class='ocrx_word' id='word_1_110' title='bbox 227 2495 326 2585; x_wconf 82' lang='lat' dir='ltr'><strong>qns&#39;m</strong></span> <span class='ocrx_word' id='word_1_111' title='bbox 342 2497 470 2566; x_wconf 81' lang='lat' dir='ltr'><strong>subditi</strong></span> <span class='ocrx_word' id='word_1_112' title='bbox 491 2501 582 2568; x_wconf 82' lang='lat' dir='ltr'><strong>intro</strong></span> <span class='ocrx_word' id='word_1_113' title='bbox 594 2491 796 2566; x_wconf 77' lang='lat' dir='ltr'><strong>territorium</strong></span> <span class='ocrx_word' id='word_1_114' title='bbox 811 2487 957 2580; x_wconf 83' lang='lat' dir='ltr'><strong>gratuito</strong></span> 
     </span>
     <span class='ocr_line' id='line_1_20' title="bbox 57 2604 725 2732; baseline 0.003 -56"><span class='ocrx_word' id='word_1_115' title='bbox 57 2605 245 2732; x_wconf 73' lang='lat' dir='ltr'><strong>conuehere</strong></span> <span class='ocrx_word' id='word_1_116' title='bbox 266 2611 561 2680; x_wconf 85' lang='lat' dir='ltr'><strong>tenentur.·1bid.-</strong></span> <span class='ocrx_word' id='word_1_117' title='bbox 590 2604 614 2662; x_wconf 82' lang='lat'><strong>&#39;-</strong></span> <span class='ocrx_word' id='word_1_118' title='bbox 647 2604 650 2608; x_wconf 82' lang='grc'><strong>’</strong></span> <span class='ocrx_word' id='word_1_119' title='bbox 722 2651 725 2658; x_wconf 90' lang='grc'>-</span> 
     </span>
    </p>

    <p class='ocr_par' dir='ltr' id='par_1_14' title="bbox 100 2717 955 2836">
     <span class='ocr_line' id='line_1_21' title="bbox 100 2717 955 2836; baseline -0.009 -15.683"><span class='ocrx_word' id='word_1_120' title='bbox 100 2749 187 2820; x_wconf 83' lang='lat' dir='ltr'><strong>Sr</strong></span> <span class='ocrx_word' id='word_1_121' title='bbox 199 2753 289 2820; x_wconf 85' lang='lat' dir='ltr'><strong>intra</strong></span> <span class='ocrx_word' id='word_1_122' title='bbox 310 2741 454 2822; x_wconf 85' lang='lat' dir='ltr'><strong>triduum</strong></span> <span class='ocrx_word' id='word_1_123' title='bbox 475 2717 643 2820; x_wconf 79' lang='lat' dir='ltr'><strong>desumto</strong></span> <span class='ocrx_word' id='word_1_124' title='bbox 649 2735 725 2816; x_wconf 77' lang='lat' dir='ltr'><strong>noir</strong></span> <span class='ocrx_word' id='word_1_125' title='bbox 732 2717 850 2836; x_wconf 76' lang='lat' dir='ltr'><strong>fuerit,</strong></span> <span class='ocrx_word' id='word_1_126' title='bbox 874 2737 955 2814; x_wconf 82' lang='lat' dir='ltr'><strong>tunc</strong></span> 
     </span>
    </p>

    <p class='ocr_par' dir='ltr' id='par_1_15' title="bbox 52 2849 955 3067">
     <span class='ocr_line' id='line_1_22' title="bbox 53 2849 955 2980; baseline -0.002 -51"><span class='ocrx_word' id='word_1_127' title='bbox 53 2862 248 2931; x_wconf 83' lang='lat' dir='ltr'><strong>subditi—</strong></span> <span class='ocrx_word' id='word_1_128' title='bbox 275 2865 394 2934; x_wconf 84' lang='lat' dir='ltr'><strong>relicte</strong></span> <span class='ocrx_word' id='word_1_129' title='bbox 423 2870 633 2953; x_wconf 82' lang='lat' dir='ltr'><strong>competente</strong></span> <span class='ocrx_word' id='word_1_130' title='bbox 656 2849 865 2980; x_wconf 80' lang='lat' dir='ltr'><strong>quotta,-·-</strong></span> <span class='ocrx_word' id='word_1_131' title='bbox 875 2873 955 2947; x_wconf 88' lang='lat' dir='ltr'><strong>pro</strong></span> 
     </span>
     <span class='ocr_line' id='line_1_23' title="bbox 52 2959 952 3082; baseline -0.008 -38"><span class='ocrx_word' id='word_1_132' title='bbox 52 2980 273 3056; x_wconf 78' lang='lat' dir='ltr'><strong>creationem</strong></span> <span class='ocrx_word' id='word_1_133' title='bbox 289 2996 384 3082; x_wconf 83' lang='lat' dir='ltr'><strong>snam</strong></span> <span class='ocrx_word' id='word_1_134' title='bbox 418 2980 587 3047; x_wconf 85' lang='lat' dir='ltr'><strong>abvchere</strong></span> <span class='ocrx_word' id='word_1_135' title='bbox 619 2959 790 3067; x_wconf 67' lang='lat' dir='ltr'><strong>posinunt,</strong></span> <span class='ocrx_word' id='word_1_136' title='bbox 809 2978 845 3042; x_wconf 87' lang='lat' dir='ltr'><strong>et</strong></span> <span class='ocrx_word' id='word_1_137' title='bbox 870 2971 952 3039; x_wconf 91' lang='lat' dir='ltr'><strong>reli-</strong></span> 
     </span>
    </p>
   </div>
   <div class='ocr_carea' id='block_1_6' title="bbox 48 3087 952 3290">
    <p class='ocr_par' dir='ltr' id='par_1_16' title="bbox 48 3087 952 3290">
     <span class='ocr_line' id='line_1_24' title="bbox 50 3087 952 3181; baseline -0.008 -24"><span class='ocrx_word' id='word_1_138' title='bbox 50 3094 176 3159; x_wconf 85' lang='lat' dir='ltr'><strong>ctam</strong></span> <span class='ocrx_word' id='word_1_139' title='bbox 164 3112 200 3159; x_wconf 91' lang='lat' dir='ltr'><strong>m</strong></span> <span class='ocrx_word' id='word_1_140' title='bbox 228 3112 344 3181; x_wconf 89' lang='lat' dir='ltr'><strong>campo</strong></span> <span class='ocrx_word' id='word_1_141' title='bbox 379 3109 502 3166; x_wconf 84' lang='lat' dir='ltr'><strong>nonam</strong></span> <span class='ocrx_word' id='word_1_142' title='bbox 534 3093 641 3178; x_wconf 83' lang='lat' dir='ltr'><strong>gratis</strong></span> <span class='ocrx_word' id='word_1_143' title='bbox 678 3087 848 3157; x_wconf 85' lang='lat' dir='ltr'><strong>devehere</strong></span> <span class='ocrx_word' id='word_1_144' title='bbox 885 3103 952 3152; x_wconf 92' lang='lat' dir='ltr'><strong>non</strong></span> 
     </span>
     <span class='ocr_line' id='line_1_25' title="bbox 48 3199 952 3290; baseline -0.006 -20"><span class='ocrx_word' id='word_1_145' title='bbox 48 3205 247 3290; x_wconf 85' lang='lat' dir='ltr'><strong>obligantur.</strong></span> <span class='ocrx_word' id='word_1_146' title='bbox 270 3209 343 3275; x_wconf 89' lang='lat' dir='ltr'><strong>Nec</strong></span> <span class='ocrx_word' id='word_1_147' title='bbox 358 3207 501 3275; x_wconf 88' lang='lat' dir='ltr'><strong>Domino</strong></span> <span class='ocrx_word' id='word_1_148' title='bbox 523 3205 661 3273; x_wconf 85' lang='lat' dir='ltr'><strong>ulterior</strong></span> <span class='ocrx_word' id='word_1_149' title='bbox 681 3199 898 3286; x_wconf 85' lang='lat' dir='ltr'><strong>investigatio</strong></span> <span class='ocrx_word' id='word_1_150' title='bbox 916 3205 952 3265; x_wconf 90' lang='lat' dir='ltr'><strong>ct</strong></span> 
     </span>
    </p>
   </div>
   <div class='ocr_carea' id='block_1_7' title="bbox 47 3315 703 3408">
    <p class='ocr_par' dir='ltr' id='par_1_17' title="bbox 47 3315 703 3408">
     <span class='ocr_line' id='line_1_26' title="bbox 47 3315 703 3408; baseline 0.002 -24"><span class='ocrx_word' id='word_1_151' title='bbox 47 3319 241 3401; x_wconf 79' lang='lat' dir='ltr'><strong>praetensio</strong></span> <span class='ocrx_word' id='word_1_152' title='bbox 261 3318 354 3388; x_wconf 77' lang='lat' dir='ltr'><strong>licitu</strong></span> <span class='ocrx_word' id='word_1_153' title='bbox 375 3326 440 3388; x_wconf 86' lang='lat' dir='ltr'><strong>est.</strong></span> <span class='ocrx_word' id='word_1_154' title='bbox 463 3319 541 3386; x_wconf 83' lang='lat' dir='ltr'><strong>vn.</strong></span> <span class='ocrx_word' id='word_1_155' title='bbox 565 3315 703 3408; x_wconf 64' lang='lat'><strong>§2</strong></span> 
     </span>
    </p>
   </div>
   <div class='ocr_carea' id='block_1_8' title="bbox 35 3449 948 3659">
    <p class='ocr_par' dir='ltr' id='par_1_18' title="bbox 35 3449 948 3659">
     <span class='ocr_line' id='line_1_27' title="bbox 129 3449 948 3569; baseline -0.01 -45"><span class='ocrx_word' id='word_1_156' title='bbox 129 3455 195 3524; x_wconf 79' lang='lat' dir='ltr'><strong>Ex</strong></span> <span class='ocrx_word' id='word_1_157' title='bbox 217 3459 297 3526; x_wconf 90' lang='lat' dir='ltr'><strong>vino</strong></span> <span class='ocrx_word' id='word_1_158' title='bbox 328 3457 456 3525; x_wconf 87' lang='lat' dir='ltr'><strong>desumi</strong></span> <span class='ocrx_word' id='word_1_159' title='bbox 483 3456 583 3524; x_wconf 90' lang='lat' dir='ltr'><strong>debet</strong></span> <span class='ocrx_word' id='word_1_160' title='bbox 611 3455 701 3522; x_wconf 86' lang='lat' dir='ltr'><strong>iutra</strong></span> <span class='ocrx_word' id='word_1_161' title='bbox 728 3449 873 3569; x_wconf 77' lang='lat' dir='ltr'><strong>tempus·</strong></span> <span class='ocrx_word' id='word_1_162' title='bbox 885 3469 948 3538; x_wconf 88' lang='lat' dir='ltr'><strong>per</strong></span> 
     </span>
     <span class='ocr_line' id='line_1_28' title="bbox 35 3558 945 3659; baseline -0.008 -21"><span class='ocrx_word' id='word_1_163' title='bbox 35 3563 246 3640; x_wconf 45' lang='grc' dir='ltr'><strong>Ἰ(ἓοιιιίιιιιιιιιι</strong></span> <span class='ocrx_word' id='word_1_164' title='bbox 271 3569 499 3659; x_wconf 83' lang='lat' dir='ltr'><strong>defigendum,</strong></span> <span class='ocrx_word' id='word_1_165' title='bbox 528 3569 589 3639; x_wconf 85' lang='lat' dir='ltr'><strong>sub</strong></span> <span class='ocrx_word' id='word_1_166' title='bbox 617 3585 727 3658; x_wconf 85' lang='lat' dir='ltr'><strong>poena</strong></span> <span class='ocrx_word' id='word_1_167' title='bbox 756 3558 945 3634; x_wconf 80' lang='lat' dir='ltr'><strong>amissionis</strong></span> 
     </span>
    </p>
   </div>
   <div class='ocr_carea' id='block_1_9' title="bbox 0 0 1248 4368">
    <p class='ocr_par' dir='ltr' id='par_1_19' title="bbox 0 0 1248 4368">
     <span class='ocr_line' id='line_1_29' title="bbox 0 0 1248 4368; baseline 0 12"><span class='ocrx_word' id='word_1_168' title='bbox 0 0 1248 4368; x_wconf 95' lang='lat' dir='ltr'><strong> </strong></span> 
     </span>
    </p>
   </div>
  </div>
 </body>
</html>
