2488 4368
268 383 319 461 84
398 363 405 380 ⁸
489 391 625 470 Judex
646 394 960 469 Communitatis.
1097 501 1102 510 ¹

305 651 309 659 ¹
430 676 602 773 Iudex
628 645 1022 774 Commzam‘taic’s,

354 862 611 946 Quotannisest
626 863 815 950 eligendas.
837 863 1025 952 Dominus,
1048 864 1080 930 si
1095 861 1173 929 huc·

268 991 376 1062 usqae
416 977 453 1043 in
483 997 555 1044 usa*
576 977 658 1066 fuit,
696 977 855 1046 candidat
882 981 952 1070 tria
982 975 1173 1061 individua,

268 1086 498 1158 Communitas
535 1089 647 1178 eligit3
683 1098 719 1160 et
753 1091 886 1179 quidem
913 1111 981 1180 pro
1013 1091 1173 1158 hactenus

265 1202 405 1290 vigente
427 1223 511 1293 usa,
534 1223 597 1274 sea
618 1211 690 1275 tota
710 1207 899 1295 populatio,
928 1226 999 1275 seu
1026 1213 1173 1274 votomm
1217 1275 1218 1280 ,

264 1315 385 1385 saltem
406 1337 573 1410 capaces,
595 1317 628 1385 h.
647 1337 677 1387 e.
702 1317 818 1386 domos
840 1325 898 1386 aut
918 1319 1104 1388 immobilia
1124 1323 1171 1384 te-

264 1436 347 1498 nuta
366 1431 583 1520 possidentes
604 1431 746 1500 incolae.
768 1431 835 1500 IX.
850 1431 895 1524 s.
922 1437 960 1504 1..
1015 1498 1020 1505 .

349 1571 391 1642 Si
418 1593 714 1661 compossessores
748 1574 1058 1668 ialcandidatione
1087 1577 1168 1642 intra

263 1685 407 1754 triduum
428 1687 612 1780 convenire
633 1707 701 1756 non
722 1697 884 1778 possent,
915 1690 1084 1760 candidat
1109 1689 1170 1757 Ja-

264 1799 332 1868 dex
353 1801 520 1894 nobilium.
543 1802 610 1887 IX.
633 1795 670 1892 §-
696 1807 726 1870 1.

345 1951 462 2020 iudex
483 1960 563 2020 ante
579 1952 802 2020 evolutionem
814 1954 894 2020 onai
915 1972 937 2021 a
956 1970 1098 2022 munere
1112 1967 1165 2016 sao

262 2065 398 2130 nonnisi
427 2067 630 2150 egravibus
657 2067 843 2144 rationibus
873 2071 1027 2167 pmoveri
1048 2068 1164 2154 potest.

135 2153 139 2162 '
260 2175 325 2245 lx.
349 2174 386 2266 s.
411 2181 442 2244 1.

346 2302 578 2393 Obligationes
609 2312 684 2396 ejus
715 2311 807 2380 circa
837 2311 1008 2401 orphanos
1041 2308 1162 2381 incola-

261 2443 344 2494 rum.
367 2423 457 2494 Vide
483 2421 653 2512 orphana

345 2571 457 2642 Casus
479 2573 596 2640 mortis
618 2571 805 2641 deficientis
827 2573 871 2656 aa
898 2528 1064 2644 incestato
1086 2570 1162 2638 sub·

259 2687 320 2756 diti
341 2687 429 2756 illico
451 2687 594 2755 Domino
617 2688 793 2773 significet.
817 2687 882 2756 lx.
907 2686 944 2778 S.
967 2694 1001 2757 9.

341 2834 458 2904 Judex
485 2833 738 2918 communitatis
764 2835 966 2919 Magistratu
993 2855 1063 2905 non
1085 2849 1160 2922 pro·
1217 2889 1218 2896 ,

257 2949 357 3015 visae
378 2945 510 3033 judicat
539 2965 613 3012 cum
641 2943 770 3013 duobus
806 2950 1005 3034 primoribus
1042 2959 1159 3018 causas

257 3058 415 3183 vepbales
436 3056 481 3124 ad
501 3059 595 3126 vires
618 3060 712 3126 1211.
737 3059 822 3128 XX.
847 3058 884 3150 §.
907 3061 945 3132 3.

345 3207 460 3276 Judex
498 3203 751 3274 communitatis
777 3208 979 3293 Magistrum
1005 3191 1159 3316 provisae

252 3322 382 3410 judicat
402 3322 438 3388 in
458 3319 587 3389 verbali
607 3339 772 3408 processu
793 3342 867 3391 cum
897 3324 1025 3395 duobus
1048 3326 1156 3396 Sens-

258 3435 384 3504 toribus
407 3440 465 3500 aut
491 3433 623 3500 Juratis
650 3432 810 3536 ad..vires
835 3441 879 3508 60
898 3439 932 3508 fl.
955 3441 1039 3512 XX.
1068 3435 1104 3529 S.
1126 3442 1153 3503 4.

256 3549 345 3616 Vide
372 3547 532 3620 Verbalis
551 3564 748 3635 procacem.
798 3567 804 3581 ·
