2452 4370
261 391 313 469 ta
610 402 807 504 [nquinat

348 592 415 660 Pro
438 592 548 661 futuro
570 611 652 662 vero
674 595 808 660 minima
829 595 986 665 extensio
1007 589 1099 661 luutb
1112 593 1159 656 in-

263 705 436 792 quinans
458 707 492 772 n
517 710 579 774 150
599 717 631 781 n
654 705 736 791 arg.
760 687 926 789 defigitur.
951 706 997 774 v.
1021 701 1058 796 ς.
1082 708 1114 772 s.

349 835 404 902 Do
422 835 555 921 lundis,
579 855 663 924 quos
683 836 865 923 inquilinus
895 836 987 904 ultra
1013 833 1161 904 obtinebit
1204 921 1205 932 ἵ

264 950 447 1017 oonvaniat
476 947 587 1036 quoad
609 949 829 1016 obvenientes
857 951 1105 1035 praestationes
1131 947 1160 1012 in
1204 939 1205 944 ’

264 1065 458 1160 praesentia
478 1062 599 1149 legalis
621 1064 802 1130 testimonii
822 1081 898 1130 ourn
925 1061 1087 1146 Domino,
1114 1059 1161 1144 qui

263 1177 355 1243 illurn
412 1179 512 1243 etiam
559 1177 594 1243 in
643 1169 801 1244 oolonun'
843 1174 995 1244 evehere
1040 1173 1159 1261 poterit.

226 1291 309 1356 ·v.
334 1287 370 1379 s.
394 1295 426 1358 a.
684 1277 692 1286 “
849 1377 852 1384 ¹

349 1419 525 1508 Inquilinis
547 1424 569 1486 8
590 1421 746 1507 competit
766 1419 885 1505 pascui
899 1424 1041 1503 tantun,
1064 1431 1159 1504 quan-

268 1543 336 1600 turn
358 1535 417 1600 uni
438 1535 595 1601 sessioni.
618 1533 680 1600 vl.
704 1527 741 1621 S.
765 1535 797 1600 3.

340 1663 525 1748 'Inquilinis
555 1663 713 1748 conpetit
733 1664 883 1746 gratuita
909 1662 1062 1748 lignatio.
1084 1655 1160 1725 Vide

269 1773 447 1862 Liqrralio.
1042 1803 1047 1810 ·

300 1985 304 1992 Ι
350 1904 526 1992 Inquilinis
564 1904 644 1972 lieet
673 1905 910 1972 investitiones
946 1914 982 1974 et
1017 1903 1159 1973 meliora·
1204 1909 1205 1948 Τ

266 2020 376 2084 tiones
398 2019 432 2082 iu
454 2003 568 2084 fundis
591 2019 683 2106 suis,
711 2038 779 2084 una
801 2037 876 2087 oum
898 2019 1068 2088 'beneficio
1089 2031 1160 2080 usu·
1204 2077 1205 2082 ,

204 2150 212 2164 ‘
253 2130 499 2198 'fruotuationis
520 2129 631 2218 fundi,
655 2133 841 2218 ouiounque
862 2115 1037 2220 vendere,
1068 2143 1160 2196 exce-

266 2250 323 2328 pto
338 2241 481 2311 Domino
498 2246 662 2332 terrestri,
672 2243 1012 2332 compossessoribus
1026 2249 1061 2318 et
1074 2242 1160 2312 Con·

266 2355 493 2424 munitalibus.
515 2356 578 2424 iv.
602 2353 640 2447 S.
662 2361 696 2424 (i.

352 2484 401 2554 Et
422 2485 486 2554 hoo
507 2485 639 2575 quirion
656 2435 933 2578 quandocunque,
955 2494 1057 2559 etiarn
1078 2488 1163 2554 extra

272 2603 374 2667 oa‘sus
387 2601 606 2684 migrationis.
628 2596 691 2667 lv.
711 2597 748 2689 S.
763 2603 795 2670 ⁷.
812 2601 861 2670 lit.
878 2603 911 2670 b.
934 2599 1160 2682 Vide'Eortio.

354 2725 531 2816 Inquilinis
552 2730 632 2798 lieet
652 2729 815 2797 infundis
831 2731 903 2800 suis
922 2733 1069 2806 fornices
1089 2744 1162 2816 ape-

270 2841 345 2910 rire'
360 2850 394 2910 et
416 2833 592 2931 quaestum
614 2862 796 2932 exercere,
824 2863 886 2914 seu
915 2867 999 2926 vero
1029 2845 1163 2932 forman
1204 2849 1205 2852 ’

274 2970 496 3023 excensuare.
520 2954 609 3034 Vide
629 2953 812 3027 Fornioea.

358 3083 515 3170 inquilini
535 3069 733 3154 'domiciliati
760 3093 918 3156 tenerur
945 3093 980 3160 in
1000 3085 1164 3174 Hunguria
1204 3153 1205 3156 ,

102 3233 105 3238 ν
136 3272 139 3278 ,
276 3207 311 3266 et
358 3196 499 3266 Oroatia
549 3200 589 3265 18
638 3196 763 3268 dierum
811 3201 980 3273 laboribus
1023 3202 1163 3274 Domino.

276 3311 354 3380 vn.
378 3304 415 3398 s.
437 3312 471 3377 5.
548 3389 555 3398 *¹
674 3375 678 3385 .

201 3537 205 3550 .
318 3433 321 3440 '
359 3438 434 3510 Sed
475 3441 511 3506 in
550 3439 768 3510 comitatibus
804 3407 959 3537 Pasaga,
995 3435 1163 3524 Verbere,
1204 3395 1205 3404 ἵ

276 3553 419 3625 Sueten
441 3551 560 3650 saltem
584 3559 625 3623 12
646 3555 774 3626 diebus.
798 3559 875 3626 vil.
899 3559 935 3651 s.
958 3568 990 3632 5,
1053 3610 1056 3616 .
