2452 4370
210 2705 273 2774 ιν.
296 2702 333 2796 s.
356 2710 388 2776 o.

202 381 251 464 56
309 385 1004 463 Εηιαοίἰίαῐίο-Εηιιίοέγεηιίἰιίο,

290 579 332 652 Si
343 579 490 668 desuper
512 579 692 648 conventio
713 596 781 646 nou
798 580 1029 667 successerit,
1053 583 1124 649 viu

203 695 360 766 urboriuli
381 694 557 781 defigatur.
580 693 643 760 vl.
665 687 703 782 S.
725 697 758 761 2.
883 721 886 728 ·

288 825 379 922 vno
398 823 625 913 nonnoso.

496 1016 828 1152 Emacillatin

292 1293 380 1362 vide
401 1291 605 1364 Macellum.

421 1527 584 1619 Emtt'o
604 1581 624 1598 -
642 1523 891 1622 Venditis.

290 1761 595 1830 Emtio-Veuditio
620 1763 873 1832 investitionum
894 1769 931 1830 et
954 1761 1123 1829 meliorn-

207 1875 344 1961 tionum,
362 1893 430 1942 una
452 1893 527 1942 oum
540 1874 702 1942 beneficio
719 1874 1018 1944 usufructuutionis
1034 1893 1122 1942 ses-

204 1990 322 2076 sionis,
346 1994 381 2056 et
405 1990 695 2057 constitutivorum
709 1988 956 2076 colomannum,
977 1989 1117 2073 singulo

207 2100 324 2190 uolono
338 2108 373 2170 et
392 2101 553 2189 inquilino
569 2101 711 2189 posthoc
729 2101 836 2170 libera
849 2109 914 2170 est.
936 2101 998 2170 lv.
1022 2099 1059 2191 S.
1078 2091 1114 2170 6.

217 2259 240 2272 ·2
291 2229 340 2300 Et
362 2230 495 2320 quidem
514 2232 615 2300 etium
630 2239 729 2301 extro
742 2227 874 2323 teinpus
889 2234 1115 2320 migrationis.

209 2341 431 2434 §imo
745 2365 750 2372 ·

294 2477 349 2546 Ab
372 2477 516 2548 emtione
540 2476 782 2549 exeludunturt
815 2478 980 2548 Dominus
1002 2484 1120 2548 terre-

212 2591 315 2680 stris,
347 2609 643 2680 oompossessores
665 2592 748 2683 loti,
778 2600 813 2663 et
839 2592 1117 2672 communitates,

298 2835 425 2906 Emere
446 2817 591 2924 possunt
609 2841 710 2908 etiam
734 2843 843 2910 exteri
861 2839 1008 2924 inuoluto
1028 2857 1124 2925 gou-

214 2951 346 3022 dentes.
368 2950 432 3020 IV.
454 2946 491 3040 S.
515 2953 547 3022 7.
569 2951 620 3020 iit
643 2970 676 3022 a.

300 3081 358 3151 Ad
382 3079 584 3152 soliditatem
606 3081 985 3154 emtionis-venditionis
1002 3087 1124 3172 requi-

216 3203 299 3268 ritur
317 3219 327 3266 t
449 3266 458 3280 ,
840 3205 843 3211 ’

302 3331 342 3414 o)
368 3325 567 3397 &nunnus
582 3327 755 3415 Domino'2'5
778 3330 835 3416 qui
848 3329 912 3398 sub
925 3341 1036 3416 poene
1054 3331 1126 3400 200

218 3443 251 3510 ti.
272 3433 309 3514 et
323 3440 505 3510 refusionis
526 3427 726 3510 domnorum,
739 3449 775 3509 et
796 3441 1124 3529 expensurum-siue

218 3557 348 3626 ratione
363 3553 542 3625 sufficienti
559 3555 719 3641 denegari
735 3557 861 3644 nequit.
884 3555 946 3624 IV.
964 3551 1000 3644 S.
1018 3555 1050 3622 7.
1069 3553 1122 3624 iit.
