2452 4370
198 387 836 470 Exterie-Extraterritorialia.
870 403 873 408 '
914 386 965 465 63
1035 381 1038 387 ’

144 580 188 652 si
210 577 255 648 acl
284 579 546 668 exstirpationes
573 581 738 651 Dominus
760 599 964 652 eonsensum
1057 571 1061 578 ’

65 693 135 784 dat,
163 693 222 762 llic
251 712 386 781 semper
413 695 449 760 in
480 697 641 782 seriptum
675 695 803 784 redigi,
838 694 965 764 laboris

63 805 260 893 mercedem,
283 808 463 876 occasione
476 807 664 875 reluitionis
681 807 964 896 compensandam

64 919 185 988 diserte
214 920 406 1007 continere,
438 925 474 1011 et
500 921 682 1007 protocollo
710 921 887 990 fundorum
905 923 962 988 in-

64 1035 124 1100 seri
145 1032 258 1101 debet.
291 1032 333 1102 Si
352 1033 516 1101 Dominus
544 1033 753 1104 conditiones
774 1035 963 1104 reluitionis

61 1145 208 1214 inserere
229 1146 398 1236 neglexit,
421 1152 518 1214 actus
539 1146 726 1216 reluitionis
755 1149 800 1219 ad
820 1147 958 1230 liberam

62 1259 314 1328 conventionem
335 1257 473 1328 recidet.
496 1259 558 1328 vl.
583 1263 614 1328 1.

135 1387 400 1478 Exstirpatmae
421 1391 600 1460 occasione
625 1389 878 1477 cognationis..
894 1357 960 1459 lli-
981 1399 987 1412 ·

61 1498 97 1569 le
115 1500 317 1591 Repulata'c.

406 1729 597 1822 Exteri.

115 1935 223 2013 'June
251 1941 420 2010 incolatus
451 1941 586 2010 obtento
615 1946 760 2028 possunt
780 1943 956 2012 sessiones

59 2055 256 2125 colonicales
278 2073 401 2124 emere.
424 2055 486 2122 lv.
509 2051 547 2144 S.
570 2057 602 2122 7.
625 2052 675 2157 lit.
698 2071 731 2121 a.

114 2170 303 2262 ,Desertae
331 2186 507 2254 sessiones
524 2186 658 2268 ‚exteris
685 2185 787 2286 etiam
809 2185 956 2254 conferri

57 2306 194 2387 pussant
222 2319 298 2369 cum
331 2300 587 2366 immunitatea
622 2298 876 2398 contributione
912 2298 958 2366 ad

56 2426 213 2482 summum
239 2431 302 2502 per
329 2430 393 2480 sex
414 2429 534 2479 annos.
558 2411 623 2478 Xl.
646 2406 684 2499 S.
709 2413 761 2479 13.

129 2543 291 2632 Impedtn
311 2549 455 2631 possunt
475 2561 538 2628 per
558 2539 736 2606 Dominum
757 2545 953 2608 terrestrem
1006 2547 1010 2556 '

55 2675 73 2724 a
91 2657 320 2732 conducendis
340 2654 535 2723 fornicibus.
557 2651 620 2721 vl.
643 2649 681 2742 S.
704 2656 736 2722 7.
759 2648 850 2720 Vide
870 2649 949 2720 Do-

53 2774 158 2842 mitta
183 2772 383 2884 terrestria.v
420 2763 438 2837 ’,

118 3051 124 3068 ·
246 2986 750 3092 Extraterrr'torialia.

129 3208 188 3281 Al
210 3197 372 3279 beneficia
396 3201 708 3274 extraterritorialia
728 3197 853 3270 subditi
873 3202 952 3268 nul·

50 3323 111 3391 lam
137 3329 283 3413 possunt
311 3317 426 3389 iacere
453 3318 743 3407 praetensionem,
772 3313 840 3382 nisi
869 3313 951 3382 talia

49 3438 81 3504 in
99 3437 233 3507 arbario
253 3437 397 3523 inserta,
418 3430 477 3500 vel
496 3427 634 3518 subditi,
652 3447 721 3496 non
742 3425 947 3496 reclamante

49 3547 210 3639 Dominio,
232 3551 268 3621 in
289 3568 353 3619 usu
375 3562 490 3617 eorum
511 3546 641 3610 essent.
663 3539 726 3610 vl.
749 3537 786 3632 s.
808 3542 842 3608 9.
