2452 4370
53 3367 73 3408 s
96 3349 98 3356 ,

270 397 319 474 26
422 393 641 474 consensus
668 397 824 472 Domini
854 401 1063 472 terrestris.

356 593 561 664 confiscatio
594 590 759 674 gallorum
789 595 824 656 et
852 589 1023 675 glandium
1056 563 1170 680 furtim
1208 629 1209 642 ι

268 712 303 776 in
325 708 426 796 sylva
456 703 612 772 dominati
633 703 858 772 collecturum.
876 704 924 771 X.
943 702 979 793 5.
1001 708 1034 771 5
1050 704 1155 770 suus

267 825 317 890 tit.
340 842 370 890 o.

300 955 600 1084 ¹Consenszts
632 960 841 1052 Domini
866 959 1117 1060 terrestris.

353 1128 547 1214 Requiritur
572 1130 601 1192 1.
630 1125 674 1192 od
694 1125 896 1204 Contractus
919 1123 1155 1192 venditionum-

266 1246 447 1316 emtionum
475 1244 665 1308 sessionum
681 1245 716 1308 et
735 1238 911 1306 fundorum
928 1237 1155 1308 colonioulium.

264 1357 327 1426 IV.
350 1353 387 1446 5.
404 1357 436 1424 7.

349 1474 383 1538 9.
408 1467 452 1536 nd
482 1466 806 1534 dismembrationom
836 1467 1028 1548 sessionum
1063 1480 1153 1532 outo·

265 1586 362 1653 sione
382 1579 599 1650 venditionis.
622 1579 684 1646 IV.
709 1575 746 1668 5.
758 1583 791 1644 9.
816 1585 851 1645 et
875 1583 927 1647 10.
950 1579 1002 1646 iit.
1029 1597 1060 1647 e.

313 1747 314 1752 ,
349 1699 382 1764 3.
407 1693 451 1762 od
477 1694 605 1760 cambio
635 1691 812 1761 fundorum
838 1693 928 1760 inter
954 1692 1104 1762 subditos
1125 1689 1154 1754 in
1210 1689 1211 1726 i

106 1865 126 1882 ,
264 1807 484 1880 comitatibus
496 1807 649 1896 Vemos,
666 1796 844 1892 T'orontul,
859 1803 1002 1874 Krosso.
1021 1807 1064 1874 V.
1078 1801 1111 1894 5.
1127 1804 1153 1867 7.

348 1927 381 1990 t.
412 1918 456 1987 ud
492 1923 683 1987 sessionum
714 1920 943 1990 reductionem
970 1921 1016 1988 od
1037 1916 1154 1987 medios

263 2039 468 2124 etquurtos,
485 2031 629 2099 sednon
654 2033 699 2100 ad
723 2037 881 2102 minores.
905 2035 949 2102 V.
971 2032 1011 2124 5.
1033 2039 1064 2102 t.

347 2153 380 2216 5.
405 2145 448 2214 ad
469 2147 720 2233 pignorationes
745 2147 803 2216 vel
833 2153 1051 2236 temporaneo
1072 2163 1154 2216 oom-

237 2265 317 2339 [bio
341 2267 530 2330 tenutorum
551 2261 797 2326 sessionulium.
821 2260 865 2327 V.
880 2259 916 2349 §.
928 2253 964 2328 5.

347 2381 380 2444 6.
404 2371 449 2441 orl
469 2373 749 2461 exstirpationem
771 2376 807 2440 in
827 2376 989 2462 seriptum
1000 2374 1154 2460 redigen-

177 2559 179 2564 .
260 2491 325 2559 dus
355 2494 391 2557 et
411 2475 791 2574 protocollosuniorum
816 2488 1041 2584 inserendus,
1064 2486 1155 2554 debet

260 2603 470 2688 conditiones
488 2597 675 2665 reluitionis
698 2599 824 2666 diserte
846 2603 1036 2694 continere,
1060 2615 1153 2669 secus

259 2725 357 2788 actus
377 2713 563 2782 reluitionis
586 2711 630 2780 od
658 2711 796 2796 liberam
818 2718 1075 2788 conventionem
1101 2731 1154 2780 ro-

259 2832 359 2900 oidet.
383 2827 445 2896 Vl.
469 2823 506 2914 5.
533 2829 563 2892 1.

261 2955 265 2962 ·
343 2947 375 3012 7.
403 2939 448 3008 od
482 2939 608 3005 vitibus
634 2939 837 3027 plantandos
857 2943 979 3030 plagas
1006 2947 1069 3016 suo
1095 2959 1154 3010 no·

255 3059 346 3125 minu
366 3053 581 3143 promontorii
604 3052 855 3138 intelligendos.
878 3058 939 3125 VI.
963 3057 1000 3148 5.
1017 3065 1049 3129 9.
1132 3103 1136 3110 -

340 3173 373 3236 8.
413 3164 457 3234 od
488 3181 605 3248 ugrum
632 3166 668 3232 in
699 3165 830 3235 hortum
867 3179 926 3240 uut
951 3176 987 3242 in
1021 3176 1151 3244 vineunt

255 3277 569 3353 transformandum.
592 3279 670 3346 Vll
695 3275 731 3369 5.
756 3285 787 3349 2

338 3399 371 3462 9.
395 3389 439 3458 ad
461 3389 689 3459 venditionem
710 3394 878 3494 botrorum
907 3417 927 3466 o
955 3400 1067 3472 vineis
1090 3411 1149 3480 no·

253 3529 319 3579 noo
339 3511 398 3578 out
417 3503 568 3580 decimae
590 3507 756 3578 obnoxiis.
777 3477 866 3580 VH
882 3507 918 3602 5
935 3515 968 3584 3
