2452 4370
263 399 312 476 34
442 403 743 505 Corporales-
757 401 993 516 Cremotunz.

347 865 500 936 Subditis
535 883 599 954 per
632 865 789 933 Dominio
821 862 1035 951 irrogandas.
1071 857 1149 926 Vide
1196 820 1197 884 ¹

260 977 446 1050 Arrectum
467 984 503 1049 et
523 979 659 1050 Poeno.

443 661 747 794 Corporales
778 695 990 793 poenae.

558 1182 852 1278 Cremotum.

343 1368 491 1438 Cremuti
511 1372 644 1440 exustio
667 1389 688 1439 e
709 1372 871 1459 racemis,
893 1367 1069 1449 fructibus,
1082 1363 1151 1432 vine

260 1483 402 1570 ejusque
429 1483 601 1574 inesibus,
631 1485 807 1571 quibusvis
838 1485 918 1551 item
952 1489 1064 1550 terreo
1096 1494 1151 1542 no-

262 1597 416 1684 scennis,
434 1599 588 1684 exeeptis
606 1598 706 1663 unioe
724 1595 875 1680 frugibus
884 1589 978 1686 (non
994 1591 1153 1660 intellecto

261 1707 328 1776 huo
358 1727 420 1798 pro
449 1709 707 1776 fermentatione
730 1708 939 1776 eielnminum
969 1704 1155 1776 necessario

259 1819 392 1907 frugum
423 1817 633 1913 quantitate)
671 1841 734 1889 seu
760 1841 821 1909 pro
850 1823 987 1908 proprie
1010 1816 1154 1888 necessi-

261 1939 350 2024 tate,
372 1953 435 2002 seu
463 1953 525 2023 pro
554 1941 698 2022 quaestu
726 1934 870 2002 subditis
895 1933 989 2002 licite
1015 1937 1078 2001 est.
1100 1927 1152 1995 vi.

261 2043 299 2136 S.
323 2051 356 2116 2.

346 2160 436 2249 Ipsis
458 2161 672 2228 nihilominus
689 2165 817 2228 tentum
840 2158 984 2228 subditis
1002 2155 1093 2254 (non
1106 2173 1155 2222 er-

261 2295 306 2360 go
334 2274 499 2344 Peroohis
529 2281 564 2344 et
593 2274 669 2346 aliis
702 2276 765 2362 qui,
786 2271 911 2340 subditi
943 2292 1015 2342 non
1047 2261 1153 2359 sunt).

262 2387 323 2456 vl.
348 2385 384 2478 S.
397 2391 430 2456 2.

346 2499 421 2572 sen
443 2501 499 2568 uhi
523 2499 648 2568 subditi
657 2499 838 2588 'hueusque
859 2501 959 2568 etiam
977 2496 1156 2585 enegiius

262 2619 443 2683 crematum
467 2612 716 2702 producebant,
739 2633 841 2702 porro
864 2616 964 2682 etium
994 2615 1155 2702 potenunt·

261 2727 323 2794 vi.
348 2723 384 2816 s.
407 2730 440 2791 2.

347 2837 519 2923 Quaestus
541 2840 679 2907 cremati
700 2838 820 2905 saltem
834 2858 897 2927 per
916 2859 1020 2908 unnes
1037 2837 1157 2908 admis-

262 2972 323 3020 sus
343 2957 417 3036 est,
440 2969 509 3016 non
535 2969 617 3034 ergo
640 2952 840 3037 epooillatio.
864 2954 925 3021 VI.
949 2949 986 3042 §-
1000 2956 1035 3020 2.
1115 2945 1117 2950 ’

346 3065 380 3132 A
404 3063 537 3132 eusebis
560 3066 766 3131 onomaton-iis
789 3084 934 3147 annuum
960 3057 1073 3134 mxoin
1088 3066 1111 3130 2
1127 3061 1157 3126 fl·

263 3177 387 3264 singuli
410 3174 547 3242 solvent
565 3175 739 3276 Dominio,
764 3181 820 3264 qui
838 3179 905 3244 illis
928 3186 1077 3265 utuntur,
1095 3190 1157 3270 non

263 3291 376 3358 habite
390 3289 573 3356 reflexione
586 3287 770 3375 productus
785 3295 990 3378 quantitatis.
1006 3293 1067 3360 vl.
1081 3286 1117 3378 S.
1128 3289 1156 3353 2.

346 3401 403 3471 Ad
431 3402 515 3469 ollas
548 3403 763 3474 crematuros
794 3403 959 3472 Dominus
990 3401 1157 3474 terrestris

262 3519 354 3602 ligne
374 3514 497 3584 foculis
515 3512 598 3582 dere
618 3532 687 3582 non
709 3521 854 3584 tenetur.
869 3516 938 3585 Ἢ.
962 3514 999 3609 S.
1020 3524 1051 3586 4.
