<?xml version="1.0" encoding="UTF-8"?>
<!DOCTYPE html PUBLIC "-//W3C//DTD XHTML 1.0 Transitional//EN"
    "http://www.w3.org/TR/xhtml1/DTD/xhtml1-transitional.dtd">
<html xmlns="http://www.w3.org/1999/xhtml" xml:lang="en" lang="en">
 <head>
  <title>
</title>
<meta http-equiv="Content-Type" content="text/html;charset=utf-8" />
  <meta name='ocr-system' content='tesseract 3.04.00' />
  <meta name='ocr-capabilities' content='ocr_page ocr_carea ocr_par ocr_line ocrx_word'/>
</head>
<body>
  <div class='ocr_page' id='page_1' title='image "./manualelegumurb00csapgoog_0063.png"; bbox 0 0 2452 4370; ppageno 0'>
   <div class='ocr_carea' id='block_1_1' title="bbox 258 444 998 524">
    <p class='ocr_par' dir='ltr' id='par_1_1' title="bbox 258 444 998 524">
     <span class='ocr_line' id='line_1_1' title="bbox 258 444 998 524; baseline -0.003 -4"><span class='ocrx_word' id='word_1_1' title='bbox 258 444 306 520; x_wconf 74' lang='lat'><strong>28</strong></span> <span class='ocrx_word' id='word_1_2' title='bbox 447 449 747 524; x_wconf 81' lang='lat' dir='ltr'><strong>Corartitutivum</strong></span> <span class='ocrx_word' id='word_1_3' title='bbox 775 447 998 522; x_wconf 82' lang='lat' dir='ltr'><strong>sessionale.</strong></span> 
     </span>
    </p>
   </div>
   <div class='ocr_carea' id='block_1_2' title="bbox 321 655 1046 756">
    <p class='ocr_par' dir='ltr' id='par_1_2' title="bbox 321 655 1046 756">
     <span class='ocr_line' id='line_1_2' title="bbox 321 655 1046 756; baseline -0.012 1"><span class='ocrx_word' id='word_1_4' title='bbox 321 729 325 734; x_wconf 92' lang='lat'>-</span> <span class='ocrx_word' id='word_1_5' title='bbox 363 663 732 756; x_wconf 79' lang='lat' dir='ltr'><strong>Constitutivom</strong></span> <span class='ocrx_word' id='word_1_6' title='bbox 759 655 1046 752; x_wconf 80' lang='lat' dir='ltr'><strong>sessionale.</strong></span> 
     </span>
    </p>
   </div>
   <div class='ocr_carea' id='block_1_3' title="bbox 207 835 1152 2410">
    <p class='ocr_par' dir='ltr' id='par_1_3' title="bbox 207 835 1151 1268">
     <span class='ocr_line' id='line_1_3' title="bbox 342 835 1151 929; baseline -0.007 -21"><span class='ocrx_word' id='word_1_7' title='bbox 342 843 446 910; x_wconf 91' lang='lat' dir='ltr'><strong>Pront</strong></span> <span class='ocrx_word' id='word_1_8' title='bbox 469 861 531 929; x_wconf 90' lang='lat' dir='ltr'><strong>per</strong></span> <span class='ocrx_word' id='word_1_9' title='bbox 555 841 730 912; x_wconf 87' lang='lat' dir='ltr'><strong>Urbarium</strong></span> <span class='ocrx_word' id='word_1_10' title='bbox 756 840 999 908; x_wconf 82' lang='lat' dir='ltr'><strong>Therasianum</strong></span> <span class='ocrx_word' id='word_1_11' title='bbox 1024 835 1151 904; x_wconf 89' lang='lat' dir='ltr'><strong>stabili-</strong></span> 
     </span>
     <span class='ocr_line' id='line_1_4' title="bbox 256 953 1151 1044; baseline -0.009 -20"><span class='ocrx_word' id='word_1_12' title='bbox 256 965 324 1024; x_wconf 92' lang='lat' dir='ltr'><strong>tum</strong></span> <span class='ocrx_word' id='word_1_13' title='bbox 348 962 402 1025; x_wconf 89' lang='lat' dir='ltr'><strong>est</strong></span> <span class='ocrx_word' id='word_1_14' title='bbox 425 976 523 1044; x_wconf 91' lang='lat' dir='ltr'><strong>porro</strong></span> <span class='ocrx_word' id='word_1_15' title='bbox 553 956 774 1024; x_wconf 84' lang='lat' dir='ltr'><strong>confirmatur.</strong></span> <span class='ocrx_word' id='word_1_16' title='bbox 811 957 888 1022; x_wconf 86' lang='lat' dir='ltr'><strong>Art.</strong></span> <span class='ocrx_word' id='word_1_17' title='bbox 912 953 955 1020; x_wconf 88' lang='lat' dir='ltr'><strong>V.</strong></span> <span class='ocrx_word' id='word_1_18' title='bbox 989 953 1151 1020; x_wconf 84' lang='lat' dir='ltr'><strong>introitus.</strong></span> 
     </span>
     <span class='ocr_line' id='line_1_5' title="bbox 207 1065 1150 1158; baseline -0.007 -21"><span class='ocrx_word' id='word_1_19' title='bbox 207 1103 211 1114; x_wconf 92' lang='lat'><strong>·</strong></span> <span class='ocrx_word' id='word_1_20' title='bbox 341 1071 506 1154; x_wconf 80' lang='lat' dir='ltr'>Agrorum</span> <span class='ocrx_word' id='word_1_21' title='bbox 520 1077 690 1158; x_wconf 91' lang='lat' dir='ltr'><strong>pratorum</strong></span> <span class='ocrx_word' id='word_1_22' title='bbox 705 1070 740 1136; x_wconf 92' lang='lat' dir='ltr'><strong>in</strong></span> <span class='ocrx_word' id='word_1_23' title='bbox 757 1069 908 1136; x_wconf 90' lang='lat' dir='ltr'><strong>omnibus</strong></span> <span class='ocrx_word' id='word_1_24' title='bbox 924 1065 1150 1136; x_wconf 83' lang='lat' dir='ltr'><strong>comitatibus.</strong></span> 
     </span>
     <span class='ocr_line' id='line_1_6' title="bbox 256 1183 841 1268; baseline -0.005 -16"><span class='ocrx_word' id='word_1_25' title='bbox 256 1183 345 1252; x_wconf 84' lang='lat' dir='ltr'>Vide</span> <span class='ocrx_word' id='word_1_26' title='bbox 364 1183 516 1268; x_wconf 88' lang='lat' dir='ltr'><strong>singulos</strong></span> <span class='ocrx_word' id='word_1_27' title='bbox 536 1183 735 1252; x_wconf 72' lang='lat' dir='ltr'><strong>Comitatus.</strong></span> <span class='ocrx_word' id='word_1_28' title='bbox 836 1185 841 1196; x_wconf 91' lang='lat'>&#39;</span> 
     </span>
    </p>

    <p class='ocr_par' dir='ltr' id='par_1_4' title="bbox 252 1293 1152 1731">
     <span class='ocr_line' id='line_1_7' title="bbox 340 1293 1151 1385; baseline -0.007 -21"><span class='ocrx_word' id='word_1_29' title='bbox 340 1298 519 1384; x_wconf 80' lang='lat' dir='ltr'><strong>Quantitas</strong></span> <span class='ocrx_word' id='word_1_30' title='bbox 540 1301 674 1364; x_wconf 90' lang='lat' dir='ltr'><strong>minima</strong></span> <span class='ocrx_word' id='word_1_31' title='bbox 687 1301 882 1385; x_wconf 86' lang='lat' dir='ltr'><strong>jugerorum</strong></span> <span class='ocrx_word' id='word_1_32' title='bbox 901 1299 956 1363; x_wconf 86' lang='lat' dir='ltr'><strong>est</strong></span> <span class='ocrx_word' id='word_1_33' title='bbox 975 1295 1016 1361; x_wconf 85' lang='grc'><strong>16</strong></span> <span class='ocrx_word' id='word_1_34' title='bbox 1031 1293 1066 1360; x_wconf 94' lang='lat' dir='ltr'><strong>in</strong></span> <span class='ocrx_word' id='word_1_35' title='bbox 1079 1293 1151 1380; x_wconf 90' lang='lat' dir='ltr'><strong>plu·</strong></span> 
     </span>
     <span class='ocr_line' id='line_1_8' title="bbox 252 1405 1152 1501; baseline -0.014 -17"><span class='ocrx_word' id='word_1_36' title='bbox 252 1415 346 1484; x_wconf 83' lang='lat' dir='ltr'><strong>ribus</strong></span> <span class='ocrx_word' id='word_1_37' title='bbox 365 1411 602 1501; x_wconf 79' lang='lat' dir='ltr'><strong>Comitatibus‚</strong></span> <span class='ocrx_word' id='word_1_38' title='bbox 622 1416 767 1480; x_wconf 83' lang='lat' dir='ltr'><strong>maxima</strong></span> <span class='ocrx_word' id='word_1_39' title='bbox 788 1431 871 1480; x_wconf 87' lang='lat' dir='ltr'><strong>vero</strong></span> <span class='ocrx_word' id='word_1_40' title='bbox 892 1413 935 1478; x_wconf 81' lang='lat'><strong>40</strong></span> <span class='ocrx_word' id='word_1_41' title='bbox 953 1410 989 1476; x_wconf 94' lang='lat' dir='ltr'><strong>in</strong></span> <span class='ocrx_word' id='word_1_42' title='bbox 1004 1405 1152 1475; x_wconf 88' lang='lat' dir='ltr'><strong>Arvensi</strong></span> 
     </span>
     <span class='ocr_line' id='line_1_9' title="bbox 256 1522 1152 1625; baseline -0.011 -27"><span class='ocrx_word' id='word_1_43' title='bbox 256 1529 341 1625; x_wconf 88' lang='lat' dir='ltr'><strong>solo.</strong></span> <span class='ocrx_word' id='word_1_44' title='bbox 363 1566 406 1578; x_wconf 93' lang='lat'>-</span> <span class='ocrx_word' id='word_1_45' title='bbox 432 1527 682 1596; x_wconf 73' lang='lat' dir='ltr'><strong>Falsast-orum</strong></span> <span class='ocrx_word' id='word_1_46' title='bbox 713 1528 848 1594; x_wconf 90' lang='lat' dir='ltr'><strong>minima</strong></span> <span class='ocrx_word' id='word_1_47' title='bbox 874 1530 923 1609; x_wconf 70' lang='grc' dir='ltr'><strong>ὃς</strong></span> <span class='ocrx_word' id='word_1_48' title='bbox 944 1524 1091 1591; x_wconf 83' lang='lat' dir='ltr'><strong>maxima</strong></span> <span class='ocrx_word' id='word_1_49' title='bbox 1112 1522 1152 1588; x_wconf 77' lang='lat'><strong>22</strong></span> 
     </span>
     <span class='ocr_line' id='line_1_10' title="bbox 252 1631 1024 1731; baseline -0.008 -16"><span class='ocrx_word' id='word_1_50' title='bbox 252 1645 288 1728; x_wconf 87' lang='lat' dir='ltr'><strong>in</strong></span> <span class='ocrx_word' id='word_1_51' title='bbox 309 1643 459 1731; x_wconf 89' lang='lat' dir='ltr'><strong>pluribus</strong></span> <span class='ocrx_word' id='word_1_52' title='bbox 485 1640 714 1710; x_wconf 81' lang='lat' dir='ltr'><strong>comitatibus.</strong></span> <span class='ocrx_word' id='word_1_53' title='bbox 740 1643 783 1710; x_wconf 89' lang='lat' dir='ltr'><strong>V.</strong></span> <span class='ocrx_word' id='word_1_54' title='bbox 801 1639 838 1731; x_wconf 73' lang='lat' dir='ltr'><strong>S.</strong></span> <span class='ocrx_word' id='word_1_55' title='bbox 863 1645 893 1710; x_wconf 91' lang='lat'><strong>1.</strong></span> <span class='ocrx_word' id='word_1_56' title='bbox 1021 1631 1024 1635; x_wconf 69' lang='grc'>’</span> 
     </span>
    </p>

    <p class='ocr_par' dir='ltr' id='par_1_5' title="bbox 252 1753 1152 2302">
     <span class='ocr_line' id='line_1_11' title="bbox 340 1753 1152 1825; baseline -0.007 0"><span class='ocrx_word' id='word_1_57' title='bbox 340 1755 640 1825; x_wconf 86' lang='lat' dir='ltr'><strong>Constitutivorum</strong></span> <span class='ocrx_word' id='word_1_58' title='bbox 672 1757 801 1824; x_wconf 84' lang='lat' dir='ltr'><strong>cambia</strong></span> <span class='ocrx_word' id='word_1_59' title='bbox 838 1763 874 1824; x_wconf 90' lang='lat' dir='ltr'><strong>et</strong></span> <span class='ocrx_word' id='word_1_60' title='bbox 904 1753 1152 1825; x_wconf 80' lang='lat' dir='ltr'><strong>subdivisiones</strong></span> 
     </span>
     <span class='ocr_line' id='line_1_12' title="bbox 253 1867 1151 1938; baseline -0.006 1"><span class='ocrx_word' id='word_1_61' title='bbox 253 1872 328 1938; x_wconf 90' lang='lat' dir='ltr'><strong>sine</strong></span> <span class='ocrx_word' id='word_1_62' title='bbox 349 1888 518 1938; x_wconf 86' lang='lat' dir='ltr'><strong>consensu</strong></span> <span class='ocrx_word' id='word_1_63' title='bbox 535 1867 669 1935; x_wconf 86' lang='lat' dir='ltr'><strong>Domini</strong></span> <span class='ocrx_word' id='word_1_64' title='bbox 690 1871 861 1937; x_wconf 88' lang='lat' dir='ltr'><strong>terrestris</strong></span> <span class='ocrx_word' id='word_1_65' title='bbox 882 1867 1025 1936; x_wconf 86' lang='lat' dir='ltr'><strong>hucdum</strong></span> <span class='ocrx_word' id='word_1_66' title='bbox 1047 1871 1151 1938; x_wconf 91' lang='lat' dir='ltr'><strong>inter·</strong></span> 
     </span>
     <span class='ocr_line' id='line_1_13' title="bbox 252 1982 1150 2072; baseline -0.001 -20"><span class='ocrx_word' id='word_1_67' title='bbox 252 1989 385 2072; x_wconf 86' lang='lat' dir='ltr'><strong>venta,</strong></span> <span class='ocrx_word' id='word_1_68' title='bbox 415 1982 564 2050; x_wconf 80' lang='lat' dir='ltr'><strong>rescindi</strong></span> <span class='ocrx_word' id='word_1_69' title='bbox 589 1990 734 2070; x_wconf 89' lang='lat' dir='ltr'><strong>possunt</strong></span> <span class='ocrx_word' id='word_1_70' title='bbox 757 2002 821 2050; x_wconf 89' lang='lat' dir='ltr'><strong>sua</strong></span> <span class='ocrx_word' id='word_1_71' title='bbox 845 1985 921 2070; x_wconf 77' lang='lat' dir='ltr'><strong>via3</strong></span> <span class='ocrx_word' id='word_1_72' title='bbox 947 1985 983 2049; x_wconf 95' lang='lat' dir='ltr'><strong>in</strong></span> <span class='ocrx_word' id='word_1_73' title='bbox 1008 1982 1150 2052; x_wconf 85' lang='lat' dir='ltr'><strong>futurum</strong></span> 
     </span>
     <span class='ocr_line' id='line_1_14' title="bbox 253 2093 1151 2186; baseline -0.003 -20"><span class='ocrx_word' id='word_1_74' title='bbox 253 2093 471 2181; x_wconf 81' lang='lat' dir='ltr'><strong>attentanda,</strong></span> <span class='ocrx_word' id='word_1_75' title='bbox 493 2097 552 2162; x_wconf 89' lang='lat' dir='ltr'><strong>via</strong></span> <span class='ocrx_word' id='word_1_76' title='bbox 575 2099 772 2186; x_wconf 74' lang='lat' dir='ltr'><strong>summaria,</strong></span> <span class='ocrx_word' id='word_1_77' title='bbox 786 2117 861 2166; x_wconf 89' lang='lat' dir='ltr'><strong>oum</strong></span> <span class='ocrx_word' id='word_1_78' title='bbox 879 2101 1077 2166; x_wconf 85' lang='lat' dir='ltr'><strong>interventu</strong></span> <span class='ocrx_word' id='word_1_79' title='bbox 1102 2096 1151 2164; x_wconf 90' lang='lat' dir='ltr'><strong>le·</strong></span> 
     </span>
     <span class='ocr_line' id='line_1_15' title="bbox 252 2208 1148 2302; baseline -0.006 -22"><span class='ocrx_word' id='word_1_80' title='bbox 252 2209 340 2297; x_wconf 81' lang='lat' dir='ltr'><strong>gatis</strong></span> <span class='ocrx_word' id='word_1_81' title='bbox 357 2211 537 2278; x_wconf 85' lang='lat' dir='ltr'><strong>testimonii</strong></span> <span class='ocrx_word' id='word_1_82' title='bbox 552 2215 586 2276; x_wconf 91' lang='lat' dir='ltr'><strong>et</strong></span> <span class='ocrx_word' id='word_1_83' title='bbox 604 2211 697 2276; x_wconf 79' lang='lat' dir='ltr'><strong>Visoi</strong></span> <span class='ocrx_word' id='word_1_84' title='bbox 711 2211 989 2297; x_wconf 86' lang='lat' dir='ltr'><strong>Magistratnalis.</strong></span> <span class='ocrx_word' id='word_1_85' title='bbox 1003 2211 1049 2278; x_wconf 89' lang='lat' dir='ltr'><strong>V.</strong></span> <span class='ocrx_word' id='word_1_86' title='bbox 1066 2208 1102 2302; x_wconf 68' lang='lat' dir='ltr'><strong>S.</strong></span> <span class='ocrx_word' id='word_1_87' title='bbox 1120 2215 1148 2276; x_wconf 78' lang='lat' dir='ltr'><strong>t.</strong></span> 
     </span>
    </p>

    <p class='ocr_par' dir='ltr' id='par_1_6' title="bbox 340 2321 1150 2410">
     <span class='ocr_line' id='line_1_16' title="bbox 340 2321 1150 2410; baseline 0 -18"><span class='ocrx_word' id='word_1_88' title='bbox 340 2321 559 2392; x_wconf 82' lang='lat' dir='ltr'><strong>Constitutivi</strong></span> <span class='ocrx_word' id='word_1_89' title='bbox 588 2323 757 2408; x_wconf 81' lang='lat' dir='ltr'><strong>quantitas</strong></span> <span class='ocrx_word' id='word_1_90' title='bbox 784 2323 892 2392; x_wconf 83' lang='lat' dir='ltr'><strong>relate</strong></span> <span class='ocrx_word' id='word_1_91' title='bbox 926 2323 970 2392; x_wconf 83' lang='lat' dir='ltr'><strong>ad</strong></span> <span class='ocrx_word' id='word_1_92' title='bbox 1003 2325 1150 2410; x_wconf 87' lang='lat' dir='ltr'><strong>medias,</strong></span> 
     </span>
    </p>
   </div>
   <div class='ocr_carea' id='block_1_4' title="bbox 195 2435 1211 2976">
    <p class='ocr_par' dir='ltr' id='par_1_7' title="bbox 195 2435 1211 2867">
     <span class='ocr_line' id='line_1_17' title="bbox 195 2435 1151 2530; baseline -0.004 -24"><span class='ocrx_word' id='word_1_93' title='bbox 195 2513 204 2530; x_wconf 46' lang='lat'><em>‚</em></span> <span class='ocrx_word' id='word_1_94' title='bbox 252 2445 288 2506; x_wconf 91' lang='lat' dir='ltr'><strong>et</strong></span> <span class='ocrx_word' id='word_1_95' title='bbox 309 2442 459 2524; x_wconf 82' lang='lat' dir='ltr'><strong>quartas,</strong></span> <span class='ocrx_word' id='word_1_96' title='bbox 483 2454 616 2524; x_wconf 77' lang='lat' dir='ltr'><strong>semper</strong></span> <span class='ocrx_word' id='word_1_97' title='bbox 638 2438 673 2502; x_wconf 95' lang='lat' dir='ltr'><strong>in</strong></span> <span class='ocrx_word' id='word_1_98' title='bbox 698 2440 912 2524; x_wconf 84' lang='lat' dir='ltr'><strong>proportione</strong></span> <span class='ocrx_word' id='word_1_99' title='bbox 928 2435 1059 2505; x_wconf 83' lang='lat' dir='ltr'><strong>directa</strong></span> <span class='ocrx_word' id='word_1_100' title='bbox 1075 2455 1151 2506; x_wconf 89' lang='lat' dir='ltr'><strong>esse</strong></span> 
     </span>
     <span class='ocr_line' id='line_1_18' title="bbox 252 2545 1152 2642; baseline 0.001 -24"><span class='ocrx_word' id='word_1_101' title='bbox 252 2550 352 2620; x_wconf 88' lang='lat' dir='ltr'><strong>debet</strong></span> <span class='ocrx_word' id='word_1_102' title='bbox 368 2545 425 2642; x_wconf 83' lang='lat' dir='ltr'><strong>[h.</strong></span> <span class='ocrx_word' id='word_1_103' title='bbox 441 2569 471 2618; x_wconf 89' lang='lat' dir='ltr'><strong>e.</strong></span> <span class='ocrx_word' id='word_1_104' title='bbox 493 2553 525 2618; x_wconf 89' lang='lat' dir='ltr'><strong>si</strong></span> <span class='ocrx_word' id='word_1_105' title='bbox 546 2549 590 2616; x_wconf 91' lang='lat' dir='ltr'><strong>ad</strong></span> <span class='ocrx_word' id='word_1_106' title='bbox 614 2553 780 2635; x_wconf 85' lang='lat' dir='ltr'><strong>integram</strong></span> <span class='ocrx_word' id='word_1_107' title='bbox 798 2554 986 2621; x_wconf 89' lang='lat' dir='ltr'><strong>sessionem</strong></span> <span class='ocrx_word' id='word_1_108' title='bbox 1004 2556 1040 2620; x_wconf 91' lang='lat' dir='ltr'><strong>in</strong></span> <span class='ocrx_word' id='word_1_109' title='bbox 1062 2556 1152 2640; x_wconf 88' lang='lat' dir='ltr'><strong>agris</strong></span> 
     </span>
     <span class='ocr_line' id='line_1_19' title="bbox 251 2661 1211 2757; baseline 0 -23"><span class='ocrx_word' id='word_1_110' title='bbox 251 2669 295 2734; x_wconf 73' lang='grc'><strong>26</strong></span> <span class='ocrx_word' id='word_1_111' title='bbox 319 2669 444 2754; x_wconf 88' lang='lat' dir='ltr'><strong>jugera</strong></span> <span class='ocrx_word' id='word_1_112' title='bbox 464 2671 641 2752; x_wconf 82' lang='lat' dir='ltr'><strong>spectant,</strong></span> <span class='ocrx_word' id='word_1_113' title='bbox 672 2666 782 2735; x_wconf 89' lang='lat' dir='ltr'><strong>media</strong></span> <span class='ocrx_word' id='word_1_114' title='bbox 807 2667 1010 2754; x_wconf 80' lang='lat' dir='ltr'><strong>habeat133</strong></span> <span class='ocrx_word' id='word_1_115' title='bbox 1034 2676 1152 2757; x_wconf 88' lang='lat' dir='ltr'><strong>quarta</strong></span> <span class='ocrx_word' id='word_1_116' title='bbox 1210 2661 1211 2677; x_wconf 58' lang='lat'>¹</span> 
     </span>
     <span class='ocr_line' id='line_1_20' title="bbox 253 2771 629 2867; baseline -0.003 -21"><span class='ocrx_word' id='word_1_117' title='bbox 253 2782 292 2850; x_wconf 77' lang='lat' dir='ltr'><strong>tt</strong></span> <span class='ocrx_word' id='word_1_118' title='bbox 301 2771 461 2867; x_wconf 79' lang='lat' dir='ltr'><strong>jugera).</strong></span> <span class='ocrx_word' id='word_1_119' title='bbox 479 2777 523 2842; x_wconf 94' lang='lat' dir='ltr'><strong>V.</strong></span> <span class='ocrx_word' id='word_1_120' title='bbox 543 2773 629 2866; x_wconf 77' lang='lat' dir='ltr'><strong>§.=t.</strong></span> 
     </span>
    </p>

    <p class='ocr_par' dir='ltr' id='par_1_8' title="bbox 335 2889 1149 2976">
     <span class='ocr_line' id='line_1_21' title="bbox 335 2889 1149 2976; baseline 0.007 -18"><span class='ocrx_word' id='word_1_121' title='bbox 335 2889 561 2976; x_wconf 79' lang='lat' dir='ltr'><strong>Excipiuntur</strong></span> <span class='ocrx_word' id='word_1_122' title='bbox 584 2891 625 2958; x_wconf 86' lang='lat' dir='ltr'><strong>ab</strong></span> <span class='ocrx_word' id='word_1_123' title='bbox 647 2889 711 2958; x_wconf 82' lang='lat' dir='ltr'><strong>hae</strong></span> <span class='ocrx_word' id='word_1_124' title='bbox 733 2892 853 2976; x_wconf 86' lang='lat' dir='ltr'><strong>regula</strong></span> <span class='ocrx_word' id='word_1_125' title='bbox 876 2892 1062 2964; x_wconf 80' lang='lat' dir='ltr'><strong>Comitatus</strong></span> <span class='ocrx_word' id='word_1_126' title='bbox 1081 2897 1149 2964; x_wconf 81' lang='lat' dir='ltr'><strong>Te-</strong></span> 
     </span>
    </p>
   </div>
   <div class='ocr_carea' id='block_1_5' title="bbox 131 2999 1208 3668">
    <p class='ocr_par' dir='ltr' id='par_1_9' title="bbox 250 2999 1152 3323">
     <span class='ocr_line' id='line_1_22' title="bbox 252 2999 1152 3093; baseline 0.007 -21"><span class='ocrx_word' id='word_1_127' title='bbox 252 3024 341 3093; x_wconf 87' lang='lat' dir='ltr'><strong>mes,</strong></span> <span class='ocrx_word' id='word_1_128' title='bbox 364 3002 535 3090; x_wconf 81' lang='lat' dir='ltr'><strong>Torontal‚</strong></span> <span class='ocrx_word' id='word_1_129' title='bbox 558 2999 701 3091; x_wconf 73' lang='lat' dir='ltr'><strong>Kmssoi,</strong></span> <span class='ocrx_word' id='word_1_130' title='bbox 718 3005 775 3070; x_wconf 90' lang='lat' dir='ltr'><strong>ubi</strong></span> <span class='ocrx_word' id='word_1_131' title='bbox 794 3010 962 3093; x_wconf 88' lang='lat' dir='ltr'><strong>proportio</strong></span> <span class='ocrx_word' id='word_1_132' title='bbox 984 3008 1071 3084; x_wconf 84' lang='lat' dir='ltr'><strong>haee</strong></span> <span class='ocrx_word' id='word_1_133' title='bbox 1087 3029 1152 3080; x_wconf 87' lang='lat' dir='ltr'><strong>neo</strong></span> 
     </span>
     <span class='ocr_line' id='line_1_23' title="bbox 252 3115 1150 3209; baseline 0.008 -23"><span class='ocrx_word' id='word_1_134' title='bbox 252 3121 424 3206; x_wconf 82' lang='lat' dir='ltr'><strong>hueusque</strong></span> <span class='ocrx_word' id='word_1_135' title='bbox 446 3117 602 3204; x_wconf 88' lang='lat' dir='ltr'><strong>obtinuit,</strong></span> <span class='ocrx_word' id='word_1_136' title='bbox 626 3115 689 3182; x_wconf 86' lang='lat' dir='ltr'><strong>sed</strong></span> <span class='ocrx_word' id='word_1_137' title='bbox 716 3119 928 3206; x_wconf 88' lang='lat' dir='ltr'><strong>improportio</strong></span> <span class='ocrx_word' id='word_1_138' title='bbox 950 3119 1150 3209; x_wconf 68' lang='lat' dir='ltr'><strong>diversitate</strong></span> 
     </span>
     <span class='ocr_line' id='line_1_24' title="bbox 250 3231 964 3323; baseline 0.007 -26"><span class='ocrx_word' id='word_1_139' title='bbox 250 3234 512 3319; x_wconf 85' lang='lat' dir='ltr'><strong>praestationum</strong></span> <span class='ocrx_word' id='word_1_140' title='bbox 532 3231 794 3318; x_wconf 84' lang='lat' dir='ltr'><strong>exaequabatur.</strong></span> <span class='ocrx_word' id='word_1_141' title='bbox 811 3233 854 3300; x_wconf 87' lang='lat' dir='ltr'><strong>V.</strong></span> <span class='ocrx_word' id='word_1_142' title='bbox 873 3231 910 3323; x_wconf 73' lang='lat' dir='ltr'><strong>S.</strong></span> <span class='ocrx_word' id='word_1_143' title='bbox 931 3239 964 3302; x_wconf 83' lang='lat' dir='ltr'><strong>o</strong></span> 
     </span>
    </p>

    <p class='ocr_par' dir='ltr' id='par_1_10' title="bbox 131 3343 1208 3668">
     <span class='ocr_line' id='line_1_25' title="bbox 336 3343 1208 3436; baseline 0.008 -24"><span class='ocrx_word' id='word_1_144' title='bbox 336 3345 377 3412; x_wconf 93' lang='lat' dir='ltr'><strong>ln</strong></span> <span class='ocrx_word' id='word_1_145' title='bbox 399 3344 543 3412; x_wconf 84' lang='lat' dir='ltr'><strong>terrenis</strong></span> <span class='ocrx_word' id='word_1_146' title='bbox 560 3347 631 3430; x_wconf 91' lang='lat' dir='ltr'><strong>jam</strong></span> <span class='ocrx_word' id='word_1_147' title='bbox 653 3343 834 3435; x_wconf 70' lang='lat' dir='ltr'><strong>regnatis,</strong></span> <span class='ocrx_word' id='word_1_148' title='bbox 856 3348 912 3414; x_wconf 89' lang='lat' dir='ltr'><strong>ubi</strong></span> <span class='ocrx_word' id='word_1_149' title='bbox 935 3367 1025 3416; x_wconf 88' lang='lat' dir='ltr'><strong>nova</strong></span> <span class='ocrx_word' id='word_1_150' title='bbox 1045 3361 1151 3436; x_wconf 85' lang='lat' dir='ltr'><strong>regu·</strong></span> <span class='ocrx_word' id='word_1_151' title='bbox 1207 3419 1208 3435; x_wconf 25' lang='lat' dir='ltr'><strong>p</strong></span> 
     </span>
     <span class='ocr_line' id='line_1_26' title="bbox 250 3456 1207 3551; baseline 0.009 -28"><span class='ocrx_word' id='word_1_152' title='bbox 250 3458 374 3526; x_wconf 88' lang='lat' dir='ltr'><strong>latione</strong></span> <span class='ocrx_word' id='word_1_153' title='bbox 396 3456 516 3524; x_wconf 73' lang='lat' dir='ltr'><strong>saltem</strong></span> <span class='ocrx_word' id='word_1_154' title='bbox 541 3459 732 3540; x_wconf 77' lang='lat' dir='ltr'><strong>segregatio</strong></span> <span class='ocrx_word' id='word_1_155' title='bbox 761 3465 949 3530; x_wconf 87' lang='lat' dir='ltr'><strong>tenutorum</strong></span> <span class='ocrx_word' id='word_1_156' title='bbox 972 3468 1007 3530; x_wconf 88' lang='lat' dir='ltr'><strong>et</strong></span> <span class='ocrx_word' id='word_1_157' title='bbox 1028 3467 1150 3551; x_wconf 77' lang='lat' dir='ltr'><strong>pascui</strong></span> <span class='ocrx_word' id='word_1_158' title='bbox 1206 3471 1207 3474; x_wconf 75' lang='grc'>’</span> 
     </span>
     <span class='ocr_line' id='line_1_27' title="bbox 131 3569 1207 3668; baseline 0.012 -33"><span class='ocrx_word' id='word_1_159' title='bbox 131 3643 135 3652; x_wconf 54' lang='grc'>,</span> <span class='ocrx_word' id='word_1_160' title='bbox 249 3569 456 3658; x_wconf 80' lang='lat' dir='ltr'><strong>intenditur,</strong></span> <span class='ocrx_word' id='word_1_161' title='bbox 499 3572 722 3656; x_wconf 87' lang='lat' dir='ltr'><strong>oompetentia</strong></span> <span class='ocrx_word' id='word_1_162' title='bbox 753 3576 961 3656; x_wconf 80' lang='lat' dir='ltr'><strong>constitutivi</strong></span> <span class='ocrx_word' id='word_1_163' title='bbox 993 3595 1062 3646; x_wconf 92' lang='lat' dir='ltr'><strong>non</strong></span> <span class='ocrx_word' id='word_1_164' title='bbox 1093 3597 1151 3648; x_wconf 89' lang='lat' dir='ltr'><strong>re-</strong></span> <span class='ocrx_word' id='word_1_165' title='bbox 1206 3607 1207 3668; x_wconf 60' lang='lat'>3</span> 
     </span>
    </p>
   </div>
   <div class='ocr_carea' id='block_1_6' title="bbox 0 0 1230 4370">
    <p class='ocr_par' dir='ltr' id='par_1_11' title="bbox 0 0 1230 4370">
     <span class='ocr_line' id='line_1_28' title="bbox 0 0 1230 4370; baseline 0 0"><span class='ocrx_word' id='word_1_166' title='bbox 0 0 1230 4370; x_wconf 95' lang='lat' dir='ltr'><strong> </strong></span> 
     </span>
    </p>
   </div>
  </div>
 </body>
</html>
